2154 3491
803 126 1082 167 -23-

99 239 208 295 ᾶγή
265 241 545 282 abductio.
627 242 723 283 chii
769 242 917 296 566117
964 226 1059 295 oti>
1103 241 1127 297 [.
1161 277 1167 284 .
1200 242 1512 296 amacpovwg
1553 243 1653 297 ἐμοῦ
1696 277 1703 285 .
1739 277 1747 284 .
1783 276 1790 283 .

157 309 379 360 τριάκοντα
419 307 600 348 τάλαντα
641 308 773 359 ξύλων
804 308 848 349 ἐν
880 344 887 351 .
921 340 928 349 .
963 341 971 350 .
1013 317 1094 350 τῶι
1133 309 1252 350 ἄλσει
1288 313 1469 362 κείμενα,
1513 311 1611 352 ὅταν
1651 311 1674 365 ἡ
1714 311 1790 365 ἀγὴ

157 372 210 428 ἧι.
270 377 399 427 Apud
445 376 679 428 scriptores
721 381 934 429 usurpata
981 382 1047 420 est
1093 391 1177 419 vox
1219 377 1298 433 ἀγή
1341 377 1522 432 (ἄγνομι)
1568 380 1791 422 fracturae

157 443 353 495 notione;
395 444 439 484 in
479 448 626 485 nostro
669 444 799 486 titulo
840 446 1014 488 notione
1055 458 1168 487 nova
1211 446 1324 487 idem
1373 451 1439 488 est
1486 449 1596 498 quod
1643 447 1792 501 ἀγωγή.

154 511 244 552 Nec
291 514 434 552 tamen
476 513 590 562 apud
631 513 743 553 solos
784 512 910 554 Iones
952 514 995 555 in
1036 526 1118 555 usu
1163 512 1301 555 fuisse
1343 514 1531 555 efficitur
1573 515 1790 556 adieetivo

157 576 325 630 ἀγαῖος;
366 578 550 630 Delphis
592 579 699 621 2561
735 581 800 633 d18
836 581 905 634 (V.)
936 579 1008 621 τὸν
1050 579 1198 634 ἀγαῖον
1229 581 1386 633 μόσχον
1426 593 1480 623 sc.
1525 583 1790 634 „hostiarum

157 646 332 688 ducem“
377 645 629 688 Baunackio
671 647 925 699 interprete.
988 648 1058 701 „Si
1100 652 1219 690 certa
1262 653 1327 690 est
1368 649 1497 691 lectio
1541 650 1790 702 (Dragumis

156 713 268 766 legit
299 712 457 765 ἀγατάν
486 733 541 748 =
572 712 783 768 dyaozdm
825 728 907 758 non
940 715 1085 768 potuit
1115 716 1293 758 formari
1327 730 1351 758 a
1382 718 1515 758 verbo
1547 715 1675 769 ἄγειν,
1716 718 1790 758 5611

155 794 179 822 a
211 783 345 823 subst.
377 779 459 834 ἀγά
490 801 542 816 =
575 780 736 836 ἀγωγήί(
774 783 932 836 (Herw.
964 797 1001 835 p.
1036 784 1114 837 12),
1157 797 1241 835 qua
1268 784 1313 825 vi
1354 782 1432 838 ἀγή
1466 785 1510 825 111
1542 788 1686 826 nostro
1720 784 1789 826 tit.

154 849 331 901 Jegitur.

92 914 338 969 *dyvoe'w
389 916 597 969 ignoro.
670 917 925 969 Magnesiae
967 918 1190 960 Maeandr.
1231 919 1384 972 5736.ss
1430 920 1507 969 (VI
1540 920 1591 970 4-
1624 920 1648 959 2
1692 922 1789 970 post

154 983 195 1025 C.
227 985 494 1037 transcript.)
537 983 700 1038 ἀγνοῶν
740 982 853 1037 ἐμῶν
892 985 1110 1040 προγόνων
1151 985 1210 1034 εἰς
1240 985 1313 1026 τὸν
1343 985 1445 1027 θεὸν
1480 993 1586 1026 νοῦν.
1648 987 1789 1028 Semel

150 1051 254 1093 Hdt.
286 1053 347 1093 IV
381 1052 480 1106 1562
525 1051 763 1105 ἀγνοεῦντες
793 1053 870 1101 τὰς
900 1055 1135 1109 συμφοράς,
1180 1058 1225 1095 at
1258 1055 1364 1096 alibi
1396 1055 1660 1106 saepissime.
1726 1055 1791 1097 De

150 1120 278 1161 huius
310 1120 427 1162 vocis
459 1121 702 1162 recentiore
732 1121 909 1163 fortuna
943 1123 1056 1173 apud
1075 1123 1320 1175 Aegyptios
1353 1126 1396 1164 et
1421 1136 1485 1174 ap.
1517 1123 1786 1175 Byzantinos

150 1188 349 1229 consulas
381 1188 573 1241 Cronert,
603 1202 642 1240 p.
676 1190 727 1230 19
759 1192 803 1231 et
835 1190 931 1231 add.
961 1192 987 1230 4
1018 1190 1122 1231 ibid.

91 1253 257 1308 ἀγνός
296 1257 322 1298 3
360 1268 543 1308 sacer,
583 1269 765 1308 purus.
821 1256 997 1298 Primae
1032 1258 1161 1311 55853
1197 1258 1291 1311 (IV)
1335 1253 1443 1297 εἶδεν
1484 1257 1787 1313 Θεσμοφόρους

149 1321 277 1376 ἁγνὰς
307 1325 484 1372 ποτνίας
514 1351 558 1363 =
580 1325 802 1376 epitheton
832 1338 1001 1379 ornans,
1035 1327 1146 1377 quod
1178 1327 1294 1367 haud
1325 1338 1423 1367 raro
1457 1339 1522 1378 ap.
1554 1327 1785 1367 Homerum

148 1389 471 1443 Hesiodumque
502 1396 545 1434 et
586 1393 629 1433 in
662 1393 846 1446 Hymnis
877 1395 984 1436 hom.
1017 1393 1101 1435 diis
1138 1395 1352 1445 rebusque
1386 1395 1521 1435 sacris
1554 1394 1784 1435 tribuitur:

148 1457 342 1514 ’Ἀρτεμις
373 1458 475 1514 ἁγνή
493 1487 538 1499 =
555 1474 573 1500 ε
596 1462 688 1513 123,
719 1473 745 1500 σ
764 1462 845 1503 202
868 1465 1050 1504 vocatur
1081 1462 1316 1514 praecipue
1338 1461 1613 1514 virginitatis
1642 1474 1784 1503 causa.

150 1528 398 1581 0111156628
433 1529 579 1581 (VJ‘IY)
611 1525 658 1580 ἢν
689 1526 736 1568 δέ
763 1543 826 1576 τις
856 1531 1081 1584 ποιμαίνηι
1103 1563 1139 1571 ..
1173 1561 1180 1569 .
1212 1527 1233 1569 ὂ
1268 1527 1370 1570 ἰδὼν
1400 1530 1644 1569 κατειπάτω
1674 1529 1785 1583 πρὸς

149 1594 247 1643 τοὺς
276 1595 474 1649 βασιλέας
505 1594 640 1649 ἀγνῶς
662 1595 774 1651 πρὸς
794 1603 869 1636 τοῦ
888 1598 1004 1639 θεοῦ.
1055 1610 1093 1639 V.
1118 1598 1169 1639 15
1192 1599 1317 1637 πέντε
1350 1603 1554 1652 στατῆρας
1576 1594 1782 1652 ὀφειλέτω

148 1662 283 1716 ἀγνώς
313 1678 359 1703 π.
391 1678 427 1703 τ.
460 1664 503 1706 θ.
534 1664 559 1705 i.
592 1676 625 1705 6.
657 1665 770 1706 rite
801 1677 865 1706 ex
896 1669 1059 1717 parte
1091 1666 1201 1707 dei:
1233 1666 1346 1717 quod
1367 1666 1429 1707 sic
1463 1666 1781 1717 interpretatus

147 1734 215 1773 est
255 1731 365 1773 Ditt.
406 1732 488 1773 570
531 1733 626 1773 add.
668 1733 712 1773 3:
758 1733 821 1785 „si
863 1733 958 1784 ipse
1001 1734 1125 1775 deum
1167 1733 1400 1785 propitium
1441 1734 1602 1774 habere
1644 1746 1782 1784 neque

146 1800 264 1841 illius
297 1800 405 1841 iram
426 1799 471 1841 in
504 1812 550 1841 se
583 1803 836 1842 convertere
862 1802 1022 1842 volet“.
1082 1801 1146 1842 De
1180 1801 1385 1843 adverbio
1416 1801 1532 1853 pleni
1565 1802 1782 1842 enuntiati

146 1867 288 1908 instar
320 1868 515 1909 adhibito
549 1867 965 1910 cf.Kiihne1·-Gert11
987 1869 1042 1910 Π.
1067 1869 1148 1910 115
1170 1881 1230 1919 sq.
1282 1868 1422 1910 Simili
1454 1870 1574 1910 modo
1607 1869 1782 1920 scripsit-

144 1935 255 1976 Xen.
287 1936 459 1977 Memor.
492 1936 560 1976 ΙΠ
592 1936 628 1989 8,
663 1936 714 1977 10
757 1934 894 1989 ἁγνῶς
924 1934 1035 1987 ἔχειν
1078 1950 1101 1978 a
1134 1938 1297 1988 culpa
1330 1937 1615 1978 immunem
1648 1948 1781 1978 esse.

145 2002 211 2045 De
243 2004 366 2045 verbi
399 2004 571 2045 notione
606 2017 670 2055 ap.
702 2004 822 2045 Hom.
855 2004 947 2057 egit
978 2005 1230 2056 Buttmann,
1260 2005 1495 2056 Lexilogus
1528 2005 1548 2045 I
1581 2005 1672 2046 236.

87 2069 378 2125 *ἀγοράζω
419 2072 472 2113 in
514 2071 633 2113 foro
675 2084 883 2114 versor.
949 2073 1055 2114 Inde
1095 2074 1146 2114 ab
1179 2073 1282 2114 Hdt.
1315 2073 1360 2113 Π
1390 2073 1463 2125 358
1508 2071 1552 2112 αἱ
1591 2079 1782 2125 γυναῖκες

146 2137 404 2193 ἀγοράζουσι
443 2138 514 2179 καὶ
554 2138 849 2194 καπηλεύουσι.
911 2141 979 2181 HI
1019 2141 1116 2193 1373
1162 2138 1348 2193 εὑρόντες
1392 2154 1464 2191 μιν
1509 2139 1780 2193 ἀγοράζοντα.

144 2208 206 2248 Π
239 2208 373 2261 16417,
406 2208 514 2261 7820,
547 2211 625 2249 etc.
691 2208 860 2260 Postea,
902 2208 1119 2250 oblivione
1160 2221 1299 2260 paene
1341 2208 1560 2250 exstincta
1601 2210 1681 2249 hac
1722 2209 1778 2261 vi,

145 2276 360 2317 emendi
401 2275 518 2317 notio
559 2279 665 2317 nata
708 2279 785 2329 est,
826 2276 1060 2328 praecipue
1093 2290 1157 2328 ap.
1200 2277 1433 2328 scriptores
1475 2276 1642 2318 mediae
1675 2289 1777 2328 quos

145 2343 295 2384 dicunt
345 2347 389 2385 et
440 2356 578 2385 novae
627 2344 869 2385 comoediae
920 2345 1021 2386 inde
1070 2346 1123 2385 ab
1171 2344 1476 2396 Aristophanis
1523 2345 1649 2386 Pluto
1696 2345 1778 2385 984

142 2413 339 2462 χιτώνιον
379 2409 610 2465 ἀγοράζειν.
671 2411 741 2453 Sic
781 2412 946 2464 legitur
976 2412 1183 2465 Erythris
1214 2413 1324 2454 5692
1359 2426 1422 2465 a48
1468 2413 1578 2463 (post
1613 2426 1647 2453 a.
1680 2413 1776 2453 278·

142 2485 225 2518 τῶν
246 2477 461 2531 Ἀνδρείων
486 2477 691 2533 ἠγόρασεν
721 2478 984 2534 Ἀριστοκλῆς
1013 2479 1213 2532 δραχμῶν
1245 2514 1253 2522 .
1277 2512 1285 2519 .
1318 2481 1364 2521 it.
1387 2493 1462 2533 (343.
1523 2480 1574 2521 Cf.
1596 2480 1777 2521 Bechtel

144 2560 180 2599 p.
205 2547 296 2588 728.
342 2545 575 2599 Perperam
598 2551 771 2589 veteres
795 2548 1067 2600 grammatici
1091 2549 1294 2590 subtilem
1318 2548 1640 2589 distinctionem
1662 2549 1777 2589 inter

143 2609 339 2668 ἆγορᾶζω
370 2642 414 2654 =
445 2614 649 2655 ὠνεῖσθαι
687 2619 730 2657 et
771 2612 967 2670 ἆγορᾷζω
1008 2616 1103 2668 (<*
1134 2614 1288 2669 ἆγορᾶι
1308 2627 1351 2669 -ff-
1374 2614 1465 2667 ιζω)
1498 2643 1542 2654 z
1568 2614 1610 2655 ὲν
1642 2614 1776 2669 ἀγορᾷ

145 2681 372 2735 διατρίβειν
394 2682 548 2730 (861101.
573 2685 626 2724 ad
650 2684 781 2725 Thuc.
803 2684 865 2724 VI
882 2684 952 2737 51)
975 2687 1170 2725 statuere
1194 2684 1337 2725 conati
1356 2688 1468 2726 sunt.
1515 2684 1565 2725 cf.
1583 2683 1774 2736 Schulze,

143 2749 318 2803 Quaest.
351 2763 414 2802 ep.
447 2752 527 2793 149
561 2753 654 2793 add.
687 2752 722 2793 2.

85 2815 421 2872 *ἀγοραῖος
471 2819 733 2861 forensis.
812 2820 968 2861 Zeleae
1019 2820 1129 2862 5533
1183 2821 1264 2873 (1516,
1326 2832 1367 2873 66
1426 2823 1536 2871 (post
1591 2833 1624 2860 a.
1675 2821 1799 2861 3341.

142 2884 354 2939 ἀγοραίων
370 2885 522 2926 τελέων
539 2885 730 2927 ἀτέλειαν
751 2888 1000 2929 immunitas
1019 2888 1252 2940 vectigalis
1271 2889 1382 2938 quod
1399 2888 1527 2928 rebus
1545 2888 1771 2929 venalibus

141 2954 454 3005 imponebatur.
519 2955 698 2996 Aristot.
740 2955 892 2997 Oecon.
932 2957 958 3007 β
999 2957 1032 2996 1.
1074 2956 1155 2997 346
1199 2969 1221 2996 a
1255 2956 1290 2996 2.
1341 2953 1520 3007 ἀγοραῖα
1559 2954 1662 3007 τελῃ.
1723 2955 1772 2995 cs.

142 3021 300 3063 Szanto
343 3035 407 3074 ap.
448 3023 676 3075 Pauly-W.
717 3024 737 3063 1
774 3036 811 3075 p.
852 3024 945 3064 881.
1012 3023 1107 3064 Chii
1149 3024 1211 3063 IV
1252 3025 1358 3075 bmffl
1400 3022 1491 3069 (VO)
1537 3028 1608 3061 τοῦ
1644 3020 1772 3075 Ζηνὸς

141 3087 392 3143 τώγοραίου.
453 3090 517 3131 De
549 3091 652 3148 iove
676 3090 757 3132 fori
791 3094 934 3133 tutore
966 3103 1042 3132 seu
1074 3091 1275 3142 praeside
1308 3091 1358 3132 cf.
1382 3103 1491 3141 quae
1525 3089 1768 3141 disputavit

144 3157 342 3199 Wentzel
385 3171 449 3210 ap.
485 3158 712 3211 Pauly-W.
742 3159 764 3200 I
795 3160 887 3200 882.
949 3160 1014 3199 Ab
1055 3159 1158 3200 Hdt.
1202 3160 1251 3200 de
1293 3158 1600 3199 diversissimis
1642 3159 1769 3197 robus
