2154 3491
1054 185 1336 226 -18-

354 301 516 344 saeculi
534 299 771 351 exemplari
796 299 1049 350 transcripti
1069 303 1169 340 sunt
1188 298 1301 339 circa
1320 298 1448 339 initia
1473 310 1600 339 aerae
1624 297 1920 339 Christianae:
1952 297 2050 338 ideo

337 369 415 410 sic
449 369 687 409 laudantur
717 367 828 409 5495
860 366 1074 419 (VH-Ii,
1107 366 1217 407 5522
1250 365 1464 419 (ᾸῚ-ἱ-ΙῙ),
1497 366 1609 408 5736
1642 364 1788 417 (ῩΙ-Ι-
1807 365 1831 406 2
1858 369 1955 417 post
1978 364 2049 417 C).

467 435 605 477 Tituli
636 434 779 477 ornati
810 434 973 475 litteris
1004 433 1107 475 IGA
1132 434 1201 477 ‹'-—-
1223 433 1536 485 Inscriptiones
1570 432 1764 474 Graecae
1797 432 2051 484 antiquissi-

353 504 464 557 mae)
498 516 607 545 anno
638 504 721 545 loo
755 516 789 544 a.
823 502 893 543 Ch.
927 502 1195 553 antiquiores
1228 506 1340 543 suut.

467 572 562 613 Nisi
587 571 705 613 aliud
738 571 969 622 indicatur,
1003 571 1053 611 de
1087 574 1279 621 tempore
1304 573 1404 610 ante
1428 569 1500 610 Ch.
1523 573 1672 611 natum
1700 581 1868 621 semper
1892 568 2052 621 agitur.

468 641 705 681 Praeterea
739 639 789 691 ei,
823 638 895 689 qui
927 638 1075 679 libello
1108 641 1253 678 nostro
1284 649 1441 679 usurus
1475 641 1552 689 est,
1585 638 1774 679 tenenda
1797 640 1898 678 sunt
1922 638 2054 678 haec:

356 710 553 759 exempla
586 720 606 748 e
639 706 821 759 poeticis
852 706 997 747 titulis
1031 706 1284 758 deprompta
1315 705 1377 747 sic
1408 705 1491 747 feci
1515 705 1717 758 insignia,
1749 709 1797 746 ut
1827 709 1871 747 et
1902 705 2052 756 locum,

355 788 436 828 quo
468 776 674 818 inventus
707 778 772 816 est
804 773 926 826 lapis,
968 776 1011 814 et
1044 785 1277 825 numerum,
1310 785 1391 824 quo
1424 773 1469 814 in
1501 785 1551 814 ea
1584 786 1669 824 qua
1698 773 1791 825 ipse
1823 784 1928 814 usus
1959 785 2053 814 sum

355 844 546 886 editione
568 846 757 884 notatur.
781 842 898 895 typis
921 840 1196 882 tenuioribus
1218 842 1481 892 paulumque
1502 840 1727 883 inclinatis
1750 840 2053 892 exprimendos

357 924 550 954 curarem
584 912 634 963 (e.
667 924 705 962 g.
738 909 914 949 Primae
944 910 1074 962 55355
1099 909 1193 961 (VIR)
1217 943 1224 950 .
1247 942 1255 950 .
1277 943 1286 951 .
1306 907 1425 963 ἥρωα
1445 907 1565 949 τόνδε
1588 910 1722 960 σέβειν
1754 908 1914 963 ἤνωγον
1935 912 2052 960 etc.);

355 980 476 1021 uncis
500 978 726 1031 quadratis
750 976 792 1032 []
817 977 972 1029 saepsi,
994 989 1105 1028 quae
1123 978 1193 1019 vel
1215 977 1353 1019 fracto
1375 978 1521 1029 lapide
1545 977 1767 1029 perierunt
1785 978 1857 1019 vel
1879 981 2054 1019 servato

357 1051 650 1099 evanuerunt,
691 1046 877 1097 obliquis
909 1048 964 1096 <
984 1048 1050 1097 >,
1083 1057 1193 1097 quae
1228 1059 1250 1086 a
1282 1045 1472 1098 lapicida
1513 1047 1585 1088 vel
1628 1045 1796 1087 aerario
1827 1057 2055 1097 perperam

359 1120 457 1158 sunt
490 1116 656 1157 inserta
689 1114 874 1167 genuino
907 1114 1062 1166 textui,
1093 1114 1290 1155 rotundis
1329 1114 1513 1165 denique
1545 1114 1558 1162 (’
1580 1123 1604 1167 11,
1647 1126 1758 1166 quae
1789 1115 1861 1156 vel
1895 1115 1948 1155 ab
1980 1113 2055 1155 illo

360 1197 502 1226 errore
535 1184 689 1225 omissa
722 1184 794 1224 vel
828 1184 880 1223 ab
914 1182 1154 1224 editoribus
1188 1182 1338 1223 addita
1371 1186 1484 1223 sunt.

472 1309 598 1350 Hunc
637 1308 833 1349 libellum
874 1307 961 1348 iam
1007 1307 1049 1347 in
1095 1308 1232 1348 lucem
1275 1307 1508 1349 emissurus
1555 1306 1699 1348 facere
1746 1319 1828 1348 non
1873 1318 2060 1359 possum,

360 1378 462 1430 quin
496 1390 549 1418 ex
582 1377 719 1418 animo
753 1375 920 1428 gratias
955 1388 1080 1427 agam
1112 1375 1177 1427 iis,
1219 1376 1292 1427 qui
1325 1376 1368 1416 in
1407 1375 1712 1416 conscribendo
1744 1376 1822 1416 hoc
1854 1375 2057 1426 opusculo

361 1446 538 1487 comiter
598 1457 663 1486 me
727 1444 1012 1496 adiuverunt,
1073 1444 1263 1486 Maximo
1326 1445 1376 1485 de
1441 1443 1682 1496 Diesbach,
1747 1443 2058 1496 Friburgensis

359 1513 663 1555 Helvetiorum
700 1512 991 1554 bibliothecae
1023 1510 1257 1565 praefecto,
1299 1512 1477 1563 eiusque
1521 1511 1793 1553 adiutoribus
1824 1511 2060 1552 Francisco

359 1581 588 1622 Handrick
611 1584 654 1622 et
678 1580 891 1622 Guilelmo
914 1581 1076 1633 Meyer.
1107 1592 1182 1632 pro
1206 1580 1365 1621 eximia
1392 1579 1678 1632 humanitate,
1712 1592 1796 1631 qua
1830 1579 2058 1621 desideriis

360 1650 466 1690 meis
490 1648 801 1690 satisfecerunt
823 1652 869 1689 ut
893 1648 1018 1689 libris
1050 1647 1338 1690 libentissime
1372 1647 1648 1690 commodatis
1671 1648 1735 1689 ita
1757 1648 1869 1689 omni
1901 1660 2059 1700 genere

362 1717 597 1759 officiorum
628 1717 733 1758 mihi
767 1716 1090 1758 subvenientes.

475 1785 692 1837 Imprimis
716 1785 841 1826 iuvat
864 1790 1036 1837 gratum
1057 1784 1244 1825 animum
1262 1784 1434 1836 publice
1458 1784 1614 1826 testari
1634 1784 1821 1826 Antonio
1844 1784 2060 1836 Piccardt,

360 1853 634 1906 praeceptori
658 1853 891 1905 carissimo,
915 1866 938 1894 a
957 1865 1037 1904 quo
1056 1858 1106 1894 ut
1127 1852 1415 1894 humanitatis
1440 1852 1671 1904 disciplina
1689 1852 1753 1893 ita
1776 1852 2062 1905 grammatica

364 1925 457 1963 arte
491 1922 681 1963 imbutus
705 1934 797 1963 sum
820 1933 1032 1973 quemque
1055 1921 1412 1974 benignissimum
1440 1921 1582 1972 operis
1614 1921 1741 1962 huius
1765 1925 1808 1962 et
1842 1925 2062 1962 auctorem

361 1990 495 2031 habui
519 1993 561 2030 et
595 1990 755 2031 ducem.
815 1988 898 2042 Qui
923 2001 973 2030 ea
997 2002 1081 2041 qua
1116 1994 1180 2031 est
1214 1989 1519 2031 benevolentia
1544 2001 1589 2030 re
1619 1994 1660 2030 et
1694 1989 1870 2030 consilio
1893 2001 2064 2041 semper

362 2057 467 2098 mihi
515 2057 676 2099 adfuit:
726 2058 830 2099 locis
882 2058 998 2099 haud
1048 2057 1200 2109 paucis
1246 2057 1461 2099 indicavit
1508 2057 1685 2109 omissa,
1738 2057 2063 2099 emendationes

362 2127 613 2177 praeclaras
654 2138 818 2167 mecum
850 2126 1198 2178 communicavit,
1240 2126 1432 2177 praeivit
1464 2125 1581 2167 viam
1622 2125 1788 2166 frustra
1819 2125 2062 2177 quaerenti.

364 2192 544 2235 Utinam
577 2195 655 2235 hac
698 2194 1059 2235 commentatione
1101 2194 1399 2246 praestiterim
1445 2193 1622 2246 aliquid,
1663 2193 1707 2233 in
1741 2205 1822 2244 quo
1856 2196 2062 2246 agnoscat

368 2263 580 2313 quaedam
613 2274 717 2304 suae
751 2262 889 2314 ipsius
924 2262 1146 2304 doctrinae
1179 2262 1303 2314 quasi
1336 2262 1541 2314 vestigia.

483 2329 732 2372 Scribebam
764 2330 928 2372 Stantii
960 2331 1163 2372 kalendis
1196 2330 1452 2372 Februariis
1486 2343 1522 2371 a.
1553 2329 1879 2371 MDCCCCXH.
