2154 3491
804 154 1082 191 -Π.-

101 263 289 304 alienum
321 262 498 304 Videtur
528 260 598 302 hic
630 261 762 303 affere
804 261 1075 303 notissimum
1108 261 1230 303 illum
1260 262 1470 304 Herodoti
1501 263 1637 304 locum
1669 263 1790 316 (Hdt.

99 332 120 372 Ι
162 331 280 383 142):
321 328 522 369 Γλῶσσαν
562 327 607 369 δὲ
647 327 694 368 οὗ
734 328 808 383 τὴν
848 327 978 383 αὐτὴν
1019 324 1134 368 οὗτοι
1176 331 1430 380 ιένομίκασι,
1473 328 1576 369 ἀλλὰ
1606 331 1790 384 τρόπους

98 398 296 451 τέσσερας
336 398 639 451 παραγωγέων.
699 396 887 450 Μίλητος
918 430 926 438 .
959 426 966 434 .
1001 430 1008 437 .
1049 402 1192 444 Μυοῦς
1221 410 1267 435 τε
1306 396 1377 436 καὶ
1418 398 1588 451 Πριήνη.
1658 395 1787 438 Athon

98 464 174 517 μὲν
198 497 206 505 .
234 496 241 503 .
266 495 273 503 .
308 464 414 504 κατὰ
434 463 564 504 ταύτὰ
587 463 881 517 διαλεγόμεναι
903 465 1039 519 σφίσι,
1062 462 1154 503 αἵδε
1177 462 1221 504 δὲ
1243 461 1286 504 ἓν
1304 471 1370 518 τῆι
1391 464 1552 518 Λυδίηι.
1584 464 1789 519 3Ἔφεσος,

98 532 319 585 Κολοφὼν,
361 530 553 585 Λέβεδος,
596 533 718 580 Τέως,
760 530 1040 583 Κλαζομεναί,
1086 533 1269 571 Φώκαια·
1313 528 1437 571 αὗταὶ
1475 530 1520 571 δὲ
1560 531 1602 572 αἱ
1645 532 1790 581 πόλιες

98 605 209 654 τῆισι
253 600 464 652 πρότερον
502 599 748 653 λεχθείσῃσι
788 597 1063 653 ὁμολογέουσι
1104 599 1209 638 κατὰ
1250 598 1441 652 γλῶσσαν
1482 598 1625 648 οὐδέν,
1668 603 1786 655 σφίσι

99 667 146 708 δὲ
177 665 484 722 ὁμοφωνέουσι.
542 665 630 707 Ἔτι
671 666 715 707 δὲ
756 673 871 721 τρεῖς
910 664 1145 707 ὑπόλοιποι
1176 665 1308 715 Ἰάδες
1339 667 1499 719 πόλιες,
1529 674 1612 706 τῶν
1643 666 1686 707 αἱ
1719 667 1790 708 δύο

99 734 175 787 μὲν
218 736 366 789 νήσους
401 734 603 787 οἰκέαται,
644 736 787 786 Σάμον
827 749 871 774 τε
910 734 980 774 καὶ
1020 736 1142 780 Χίον,
1184 733 1207 787 ἡ
1253 733 1296 774 δὲ
1336 737 1414 786 μία
1446 733 1488 775 ἐν
1517 735 1787 790 τῆιήπείρωι

97 801 279 857 ἵδρυται,
321 802 543 855 Ἐρυθραί.
603 807 711 842 Χῖοι
750 801 826 855 μὲν
863 809 932 842 νῦν
968 801 1038 842 καὶ
1069 802 1329 856 Ἐρυθραῖοι
1370 802 1476 842 κατὰ
1506 802 1636 843 τωύτὸ
1657 802 1790 843 διαλέ-

97 885 255 924 γονται,
287 870 442 921 Σάμιοι
474 869 519 910 δὲ
550 868 620 910 ἐπ’
651 868 819 910 ἑωυτῶν
848 877 1009 921 μοῦνοι.

212 939 555 991 Distinguuntur
587 951 687 990 ergo
728 939 928 980 11001000
971 941 1178 989 quattuor
1223 938 1355 990 prisci
1402 939 1536 981 Ionici
1584 940 1790 981 sermonis

97 1006 270 1058 formae,
313 1019 420 1057 quas
460 1011 728 1060 χαρακρῆρας
758 1010 886 1048 vocat
917 1006 1020 1047 Hdt.
1062 1005 1105 1046 in
1147 1005 1230 1047 fine
1272 1007 1401 1048 istius
1444 1020 1544 1059 cap,
1586 1009 1663 1048 hoc
1700 1009 1789 1049 1000

99 1078 244 1116 autem
272 1075 546 1127 Παραγωγάς,
568 1073 593 1115 1.
616 1087 649 1115 e.
674 1073 947 1126 deflexiones,
970 1074 1339 1127 commutationes,
1361 1076 1618 1117 varietates.
1669 1075 1788 1128 Quae

97 1142 305 1184 sermonis
337 1142 472 1184 Ionici
504 1142 685 1194 partitio
717 1142 1073 1194 inscriptionibus
1106 1143 1292 1183 nondum
1329 1142 1582 1184 confirmata
1616 1147 1682 1185 est
1713 1156 1789 1184 nec

97 1211 325 1252 verborum
356 1214 517 1251 natura
549 1222 626 1251 nec
657 1210 815 1251 formis.
875 1211 967 1251 Hoc
998 1209 1186 1251 fortasse
1219 1210 1449 1251 discrimen
1474 1212 1611 1253 statui
1634 1215 1789 1263 potest,

97 1281 146 1319 ut
176 1278 477 1332 Erythrorum,
519 1278 625 1331 Chii,
657 1279 853 1320 Phoceae
884 1278 1105 1330 lapidibus
1138 1278 1303 1319 Aeolici
1337 1279 1544 1320 sermonis
1577 1281 1787 1330 quaedam

98 1346 288 1398 vestigia
315 1346 459 1388 inesse
493 1346 745 1388 videantur:
778 1346 1017 1400 πρήξοισιν,
1050 1346 1303 1399 γράφιυισιν,
1341 1345 1544 1399 λάβωισιν
1575 1347 1630 1401 (n.
1661 1348 1787 1400 5653)

97 1413 148 1455 cf.
180 1414 362 1456 Bechtel
393 1428 433 1466 p.
462 1415 501 1455 V
533 1427 594 1465 sq.

212 1482 306 1534 Qua
338 1486 487 1524 aetate
521 1494 687 1533 quoque
718 1483 808 1523 loco
833 1481 994 1534 singuli
1026 1481 1147 1524 111011
1180 1482 1352 1524 exarati
1385 1482 1483 1535 sint,
1516 1482 1667 1524 summi
1695 1496 1789 1525 esse

96 1550 299 1591 momenti
333 1551 387 1591 ad
423 1562 491 1591 res
524 1550 777 1591 dialecticas
809 1554 927 1591 recte
958 1550 1269 1602 intelligendas
1313 1550 1407 1601 quis
1450 1554 1516 1592 est
1557 1551 1631 1601 qui
1668 1564 1692 1592 a
1724 1563 1788 1592 1110

98 1616 364 1659 dissentiat?
438 1619 539 1660 Ideo
584 1618 628 1659 in
650 1618 755 1659 locis
801 1617 1032 1659 laudandis
1078 1620 1191 1659 hunc
1237 1622 1411 1660 secutus
1459 1632 1550 1660 sum
1597 1619 1787 1660 ordinem

96 1688 146 1726 ut
176 1685 358 1737 primum
396 1687 653 1729 documenta
694 1686 863 1727 insulae
894 1685 1099 1727 Euboeae
1133 1685 1414 1738 adhibuerim,
1446 1687 1602 1728 deinde
1638 1686 1789 1739 Cycla-

95 1753 208 1800 dum,
254 1757 343 1794 tum
385 1754 518 1795 Asiae
563 1753 755 1805 Minoris,
802 1754 855 1794 ab
903 1753 1222 1804 antiquioribus
1270 1754 1412 1796 titulis
1458 1756 1692 1806 procedens
1734 1756 1788 1797 ad

95 1821 374 1863 recentiores.

208 1889 480 1941 Respicienti
520 1889 626 1931 mihi
665 1890 763 1942 ipsa
804 1892 1061 1941 argumenta
1102 1889 1235 1935 tituli,
1278 1889 1477 1940 quamvis
1520 1890 1707 1932 diversis
1744 1890 1787 1932 in

95 1957 224 1998 rebus
266 1961 509 2011 versentur,
551 1961 694 2000 tamen
736 1959 781 1999 in
824 1961 912 1999 tres
953 1957 1161 1998 videntur
1201 1957 1407 1999 distribui
1448 1970 1572 2010 posse
1613 1959 1788 2003 classes,

94 2023 140 2066 in
172 2037 240 2066 res
274 2026 483 2079 publicas,
514 2026 726 2078 privatas,
760 2038 918 2067 sacras.

209 2094 277 2134 Ad
317 2106 386 2135 res
429 2094 627 2146 publicas
659 2094 690 2135 ii
731 2094 965 2146 pertinent,
1005 2093 1049 2134 in
1090 2094 1245 2144 quibus
1276 2095 1348 2135 vel
1390 2095 1441 2135 de
1482 2095 1546 2135 rei
1588 2095 1787 2146 publicae

94 2159 243 2202 formis
277 2174 327 2203 ac
356 2162 570 2214 partibus,
603 2164 655 2204 de
687 2162 808 2203 urbis
832 2165 876 2203 et
903 2161 1000 2214 agri
1033 2161 1230 2203 terminis
1254 2162 1403 2214 agitur
1433 2162 1501 2213 (cf.
1523 2162 1645 2215 5589,
1667 2163 1788 2211 5653,

92 2228 221 2279 5655)
262 2231 333 2270 vel
373 2231 425 2270 de
465 2230 624 2271 civium
667 2234 709 2271 et
751 2229 1076 2282 peregrinorum
1113 2230 1294 2283 iuribus,
1341 2229 1506 2282 officiis,
1545 2231 1787 2281 honoribus,

95 2296 341 2349 privilegiis
383 2298 522 2351 (5308,
559 2299 681 2346 5309,
712 2298 833 2350 5310,
865 2299 987 2349 5318,
1019 2298 1140 2350 5341,
1172 2298 1294 2350 5366,
1335 2299 1444 2340 5522
1487 2298 1582 2351 010.)
1623 2299 1694 2340 vel
1736 2300 1785 2339 de

95 2364 269 2407 iudiciis
320 2365 458 2419 (5361,
508 2367 629 2418 5599,
679 2367 807 2419 5726)
857 2367 928 2407 vel
980 2367 1031 2406 de
1077 2366 1356 2418 pecuniarum
1409 2366 1786 2408 administratione

94 2432 233 2485 (5272,
273 2434 369 2488 010.)
401 2435 472 2475 vel
504 2435 556 2475 de
592 2447 821 2486 puerorum
858 2437 902 2475 01
934 2434 1192 2486 epheborum
1226 2435 1458 2486 disciplina
1490 2434 1628 2487 (5634,
1659 2435 1785 2487 5660)

94 2501 166 2542 Vel
199 2502 250 2542 de
289 2502 407 2553 agris
438 2502 625 2554 publicis
657 2501 851 2544 locandis
883 2503 1021 2553 (5371,
1052 2502 1174 2554 5399,
1202 2502 1325 2553 5597,
1356 2503 1478 2555 5727,
1510 2502 1606 2555 010.)
1639 2506 1718 2543 010.

211 2570 277 2609 Ad
310 2582 378 2611 res
410 2570 611 2621 privatas
643 2570 873 2612 referenda
905 2574 1008 2611 sunt
1038 2570 1179 2611 omnia
1210 2570 1303 2612 fere
1335 2570 1662 2622 epigrammata,
1692 2570 1786 2611 fun-

96 2638 244 2679 dorum
286 2637 523 2679 locationes
566 2638 702 2691 (5661,
740 2638 847 2691 etc),
880 2638 1155 2680 venditiones
1188 2638 1325 2691 (5492,
1368 2642 1474 2690 010.),
1516 2639 1691 2679 decreta
1735 2639 1784 2678 de

94 2705 382 2747 matrimoniis
424 2706 730 2747 contrahendis
777 2706 951 2759 (5417),
997 2707 1230 2748 secundum
1272 2706 1657 2756 Dittenbergerum
1704 2707 1784 2746 hur

94 2773 318 2825 pertinent
348 2774 468 2825 leges
499 2786 666 2826 quoque
699 2775 750 2815 de
781 2774 1008 2815 funeribus
1038 2774 1191 2827 (5398).

210 2842 276 2882 Ad
308 2853 376 2882 res
409 2854 556 2883 sacras
587 2846 790 2894 Spectant
822 2843 936 2883 haud
978 2854 1118 2893 pauca
1151 2843 1328 2882 decreta
1368 2842 1420 2882 de
1453 2841 1625 2892 templis
1668 2842 1784 2881 delu-

95 2908 281 2959 brisque,
328 2910 379 2949 de
412 2909 511 2962 aris,
552 2910 807 2963 simulacris,
848 2909 1114 2961 supellectili
1155 2922 1279 2951 sacra
1321 2909 1457 2959 (5370,
1497 2909 1618 2953 5434,
1663 2908 1784 2957 5662,

95 2976 205 3018 5072
247 2976 354 3030 010.),
400 2978 519 3028 leges
561 2978 614 3019 de
646 2978 901 3018 sacerdotiis
945 2978 1128 3028 aliisque
1170 2977 1322 3018 officiis
1367 2978 1419 3017 ad
1462 2989 1549 3017 rem
1592 2976 1780 3016 divinam

93 3044 417 3094 pertinentibus
451 3045 586 3097 (5339,
617 3046 738 3097 5517,
770 3046 891 3090 5534,
932 3045 1053 3090 5692,
1094 3046 1216 3090 5729,
1257 3045 1378 3088 5730,
1420 3044 1526 3096 010.),
1569 3045 1619 3083 de
1652 3044 1783 3083 sacri-

96 3110 215 3159 ficiis,
246 3113 423 3164 pompis,
459 3113 700 3165 mysteriis,
743 3113 841 3154 aliis
874 3113 1145 3154 caerimoniis
1184 3113 1319 3165 (5416.
1351 3112 1471 3153 5455.
1503 3111 1625 3162 5495,
1662 3112 1782 3154 5497,

91 3179 216 3231 5498,
238 3181 358 3231 5663,
381 3181 519 3225 5746),
541 3181 845 3232 inscriptiones
869 3181 911 3221 in
931 3181 1086 3231 quibus
1111 3184 1300 3231 aguntur
1318 3179 1552 3220 certamina
1573 3178 1781 3230 gymnica,
