2154 3491
1072 150 1324 190 —2-.-

358 267 585 317 habemus,
635 266 686 306 ob
734 277 827 305 eam
876 276 1048 305 causam
1100 262 1310 303 maximas
1362 262 1541 303 exhibet
1592 261 1888 314 difficultates,
1939 263 2053 313 quod

357 334 553 385 materia,
593 346 677 383 (1113
710 332 956 373 continetur
988 331 1251 379 'l'hesaurus
1294 330 1319 371 i.
1353 342 1386 371 e.
1418 330 1559 371 sontes
1591 331 1907 383 vocabulorum,
1938 343 2054 372 nunc

324 389 494 452 'paene
528 401 568 441 in
612 400 827 441 infinitum
876 400 959 439 iam
1002 399 1178 439 videtur
1220 397 1420 439 crevisse.
1482 397 1677 440 Graecae
1719 398 1831 438 enim
1873 398 2052 450 linguae

359 469 577 513 ambitum,
610 468 644 509 si
680 467 961 519 perpenderis
994 471 1038 507 et
1070 478 1213 507 eorum
1246 466 1317 517 qui
1352 469 1530 507 exstant
1561 466 1779 517 librorum,
1816 465 2055 519 titulorum,

358 549 617 590 papyrorum
666 535 988 575 multitudinem
1043 539 1085 575 et
1138 534 1233 585 ipsa
1283 546 1360 584 per
1410 546 1519 584 quae
1571 533 1713 574 floruit
1761 538 1955 584 tempora
2007 538 2055 575 et

357 605 506 646 varias
539 604 582 644 in
625 616 730 654 quas
773 602 915 643 divisa
947 602 1029 642 fuit
1070 601 1292 653 dialectos,
1334 602 1475 643 decies
1519 602 1768 653 ampliorem
1801 613 1895 642 esse
1927 606 2052 653 puta·

358 673 474 713 Veris
508 684 633 723 quam
667 671 845 721 linguae
877 669 1078 710 Latinae.
1138 669 1227 710 Nec
1268 669 1378 711 satis
1420 673 1485 710 est
1525 670 1568 710 in
1611 674 1737 711 tanta
1779 670 1886 711 mole
1917 671 2055 711 verba

359 740 552 791 singula.
614 738 977 790 significationes,
1040 736 1382 779 constructiones
1434 737 1707 789 distinguere
1759 737 2055 789 exemplisque

359 808 628 849 communire.
690 807 796 847 Nam
830 807 937 846 haec
968 818 1055 846 una
1086 810 1258 846 tantum
1290 818 1391 858 pars
1423 810 1489 846 est
1520 818 1652 847 verae
1685 817 1796 856 quae
1838 805 2053 857 appellari

359 881 502 927 potest
534 875 709 926 linguae
742 874 975 925 s‹·ientiae;
1010 875 1150 914 altera
1184 886 1320 924 eaque
1353 886 1434 915 non
1461 874 1602 915 minus
1635 874 1896 927 necessaria,
1928 874 2056 915 immo

360 944 583 995 aliquanto
617 943 748 983 etiam
786 941 1098 993 praestabilior
1128 942 1173 982 in
1205 954 1252 983 eo
1283 942 1427 993 posita
1459 946 1545 994 est,
1583 947 1651 993 ut,
1698 941 1894 992 quisquis
1924 942 2056 983 huius

360 1011 534 1061 generis
568 1011 839 1051 Thesaurum
872 1009 1195 1061 conscripturus
1228 1014 1315 1062 est,
1360 1010 1537 1062 linguae
1569 1010 1693 1060 quasi
1725 1009 1946 1061 ingenium
1978 1010 2054 1051 im-

359 1079 518 1120 biberit
571 1082 825 1129 tantamque
877 1090 970 1119 cum
1019 1090 1069 1118 ea
1120 1077 1469 1119 familiaritatem
1521 1077 1811 1125 contraxerit,
1863 1081 1909 1118 111
1961 1077 2056 1119 61118

358 1148 467 1188 libro
500 1146 712 1197 possimus
746 1146 925 1197 exsequi
967 1150 1011 1187 et
1051 1146 1227 1197 linguae
1270 1146 1405 1187 1011118
1448 1149 1491 1186 61
1523 1146 1790 1197 singulorum
1823 1146 2054 1187 verborum

359 1215 583 1256 historiam
616 1215 788 1261 ductam
823 1227 845 1254 a
878 1217 1080 1266 tempore,
1123 1226 1204 1265 quo
1245 1226 1532 1264 unaquaeque
1564 1226 1648 1255 vox
1680 1217 1775 1254 orta
1808 1213 1877 1265 sit,
1918 1225 2054 1265 usque

361 1284 414 1324 ad
456 1287 635 1334 tempus,
678 1294 758 1332 (1110
801 1282 1042 1323 evanuerit.
1103 1283 1259 1332 Itaque
1302 1282 1345 1322 in
1388 1294 1494 1324 novo
1536 1282 1759 1323 Thesauro
1792 1281 2055 1324 conficiendo

358 1352 404 1393 id
441 1351 626 1391 maxime
667 1350 844 1391 videtur
885 1351 1189 1401 spectandum,
1231 1354 1279 1391 ut
1322 1350 1471 1392 varius
1514 1350 1780 1402 singulorum
1826 1351 2055 1391 verborum

361 1432 460 1460 usus
494 1419 704 1469 variaque
736 1418 1000 1470 significatio
1034 1422 1077 1460 et·
1109 1419 1365 1470 diligentius
1399 1422 1442 1460 et
1476 1418 1723 1459 accuratius
1747 1430 1874 1468 quam
1898 1417 2056 1468 quibus

359 1501 471 1528 nunc
517 1487 680 1527 utimur
724 1487 878 1528 lexicis
926 1499 976 1527 ea
1022 1487 1190 1528 ratione
1238 1491 1466 1538 tractetur,
1516 1490 1563 1527 111
1611 1498 1750 1538 neque
1796 1486 2055 1527 omittantur

358 1555 606 1597 necessaria
638 1567 778 1606 neque
810 1567 1135 1606 supervacanea
1169 1556 1452 1596 cumulentur.

474 1623 574 1664 Alia
597 1623 725 1664 huius
758 1623 899 1674 operis
932 1622 1170 1665 difficultas
1202 1623 1302 1664 inde
1335 1623 1543 1676 nascitur,
1576 1623 1688 1673 quod
1710 1623 1875 1663 multae
1908 1634 2055 1663 earum

359 1704 466 1745 quas
500 1704 613 1732 nunc
642 1692 848 1732 habemus
882 1691 1140 1743 scriptorum
1174 1691 1387 1733 editiones
1419 1691 1560 1732 minus
1594 1694 1696 1732 sunt
1727 1690 1949 1743 perfectae
1981 1703 2057 1732 seu

360 1760 554 1812 criticae,
602 1763 651 1800 ut
685 1759 834 1800 dicunt
865 1760 1152 1811 grammatici,
1193 1772 1319 1812 quam
1353 1763 1401 1800 ut
1433 1771 1486 1800 ex
1526 1758 1615 1800 illis
1657 1764 1864 1810 tanquam
1897 1771 1919 1800 e
1951 1771 2056 1811 puro

361 1829 543 1879 quodam
566 1826 686 1869 fonte
708 1827 885 1868 haurire
908 1828 1056 1881 possit,
1080 1828 1153 1880 qui
1171 1841 1328 1870 novum
1347 1828 1618 1869 Thesaurum
1638 1828 1850 1869 Graecum
1874 1827 2059 1869 conscri-

363 1897 547 1937 bendum
580 1896 664 1937 sibi
696 1896 981 1947 proposuerit.

475 1964 612 2017 Quam
645 1965 696 2005 ob
730 1976 916 2015 causam,
950 1968 1184 2015 antequam
1208 1965 1263 2005 ad
1289 1976 1376 2005 rem
1410 1964 1548 2016 ipsam
1582 1965 1786 2006 accedere
1809 1957 2087 2017 poterimus,'

364 2045 444 2073 non
463 2033 583 2074 modo
607 2032 820 2074 editiones
843 2034 1065 2084 parandae
1085 2037 1183 2074 sunt
1208 2033 1418 2081 meliores
1441 2034 1514 2074 sed
1539 2032 1669 2074 etiam
1693 2037 1736 2073 61
1757 2032 1801 2072 111
1824 2032 2059 2084 scriptores

364 2099 551 2141 Graecos
585 2104 625 2141 et
669 2100 713 2141 in
753 2100 936 2154 reliqua,
983 2113 1094 2152 quae
1137 2104 1315 2142 exstant
1356 2100 1513 2142 Graeci
1555 2101 1761 2142 sermonis
1803 2101 2059 2141 documenta

365 2168 699 2219 diligentissime
749 2168 1054 2220 inquirendum
1103 2174 1183 2221 est,
1234 2181 1345 2219 quae
1406 2169 1588 2220 quisque
1645 2172 1796 2210 auctor
1846 2169 2058 2210 vocabula

364 2236 656 2288 usurpaverit,
698 2237 812 2277 unde
857 2248 919 2289 ea,
960 2249 1072 2288 quae
1113 2236 1198 2277 iam
1241 2240 1371 2278 antea
1414 2237 1457 2278 in
1499 2249 1581 2278 usu
1620 2236 1796 2289 fuerint,
1834 2241 2058 2278 mutuatus

366 2305 436 2355 sit,
468 2317 551 2355 qua
585 2304 905 2356 significatione
928 2305 1012 2357 ipsi
1043 2305 1293 2346 litterarum
1327 2305 1639 2356 titulorumque
1667 2305 1901 2357 scriptores
1923 2306 2060 2346 verba

368 2372 543 2414 aliunde
577 2374 832 2424 deprompta
863 2373 1165 2425 instruxerint,
1199 2385 1309 2424 quae
1341 2385 1453 2414 nova
1487 2373 1738 2414 addiderint
1760 2374 1813 2414 ad
1836 2376 2060 2424 acceptam

369 2454 392 2482 3
438 2441 671 2481 maioribus
718 2442 947 2482 verborum
995 2441 1180 2492 copiam:
1231 2446 1321 2482 tum
1365 2442 1530 2482 demum
1577 2441 1885 2493 perspiciemus
1929 2444 2062 2492 atque

369 2520 682 2559 cognoscemus,
715 2521 800 2560 qua
823 2509 897 2550 via
930 2522 978 2550 ac
1011 2509 1180 2550 ratione
1213 2508 1364 2561 lingua
1387 2508 1553 2550 Graeca
1578 2513 1682 2550 nata
1705 2509 1774 2561 sit,
1807 2508 2063 2562 adoleverit,

368 2575 573 2628 floruerit,
620 2577 895 2618 obsoleverit.
954 2577 1061 2618 Inde
1105 2582 1248 2618 31116111
1289 2577 1375 2618 13111
1421 2580 1603 2628 apparet
1649 2576 1843 2618 Graecae
1883 2576 2062 2628 linguae

371 2644 638 2684 Thesauruin
672 2656 765 2685 esse
803 2657 908 2696 opus
940 2645 1139 2696 plurimis
1176 2644 1536 2697 gravissimisque
1570 2644 1906 2686 difficultatibus
1937 2644 2064 2686 intri-

372 2715 526 2752 catum.

486 2781 544 2819 At
578 2784 807 2830 utcumque
841 2793 891 2822 ea
923 2793 990 2822 res
1014 2793 1060 2822 se
1091 2782 1235 2833 habet,
1266 2781 1310 2822 id
1341 2793 1485 2823 omnes
1519 2785 1635 2822 certe
1668 2781 1943 2822 consentiunt
1973 2792 2063 2821 rem

374 2859 467 2887 esse
492 2859 617 2897 quam
650 2848 835 2889 maxime
859 2849 1160 2899 necessariam,
1191 2854 1240 2890 ut
1262 2849 1498 2900 incipiatur
1522 2848 1704 2900 denique
1728 2849 1827 2891 novi
1849 2848 2065 2889 Thesauri

374 2915 666 2965 praeparatio,

489 2981 582 3034 Qua
605 2984 657 3024 de
681 2996 811 3024 causa
835 2984 955 3025 nobis
988 2997 1242 3035 persuasum
1265 2989 1331 3026 est
1364 2997 1506 3026 omnes
1529 2985 1778 3027 litterarum
1801 2984 2064 3026 Graecarum

375 3051 591 3091 studiosos
638 3052 826 3103 gratiam
882 3053 1109 3093 habituros
1158 3065 1251 3094 esse
1298 3053 1372 3105 iis,
1429 3053 1500 3104 qui
1548 3054 1602 3094 ad
1648 3053 1824 3105 linguae
1871 3052 2065 3094 Graecae

374 3118 600 3159 historiam
635 3119 882 3160 accuratius
914 3122 1252 3171 cognoscendam
1276 3120 1441 3172 aliquid
1475 3121 1749 3162 contulerint.
1795 3120 1919 3161 Licet
1952 3120 2064 3162 enim

375 3186 461 3227 iam
493 3199 570 3238 per
612 3188 836 3229 nonnullos
881 3200 1014 3229 annos
1058 3193 1099 3229 et
1144 3190 1256 3240 apud
1300 3202 1374 3231 nos
1407 3192 1449 3230 et
1492 3190 1605 3241 apud
1647 3188 1757 3230 alias
1799 3193 1951 3240 gentes
1984 3200 2067 3229 non
