2154 3491
1066 142 1319 180 -4-

462 258 584 298 Anno
637 256 745 297 1898
809 255 1046 306 Gottingae
1109 254 1175 294 edi
1238 256 1431 304 coeptum
1493 255 1558 294 est
1611 252 1664 293 ab
1716 251 1875 294 Ottone
1925 252 2042 295 Hoff-

346 338 476 367 mann
527 324 682 376 operis,
734 324 842 374 quod
897 322 1174 363 inscribitur:
1230 321 1335 373 „Die
1389 321 1689 372 griechischen
1741 320 1947 362 Dialekte
1999 321 2043 362 111

319 390 321 394 ’
348 394 484 434 11116111
540 392 830 433 historischen
881 391 1286 441 Zusammenhange
1331 388 1410 429 mit
1463 390 1542 430 den
1594 388 1875 439 wichtigsten
1927 389 2045 430 ihrer

348 461 556 513 Quellen‘⁴
583 461 783 501 volumen
817 459 1007 509 tertium,
1040 470 1121 509 quo
1143 456 1334 498 Ionicam
1358 456 1433 497 ille
1457 456 1692 497 dialectum
1717 456 2045 498 describendam

349 529 432 570 sibi
457 532 754 580 proposuerat.
815 529 873 567 At
898 527 1083 567 nondum
1108 529 1174 566 est
1199 525 1250 565 ad
1274 524 1401 565 finem
1424 525 1701 576 perductum:
1734 524 1852 575 prior
1872 528 2044 567 tantum

349 597 475 638 huius
516 594 748 637 voluminis
790 607 890 646 pars
933 595 1073 635 adhuc
1116 593 1158 633 in
1199 594 1337 634 lucem
1372 592 1545 644 prodiit,
1587 593 1729 634 altera
1771 592 2047 636 desideratur

350 665 417 715 (cf.
450 665 654 706 Solmsen.
686 663 855 707 IFAnz,
887 662 953 703 XI
984 663 1037 702 85)
1071 662 1190 713 sqq).

464 732 865 774 Commemorandus
883 731 1061 772 Videtur
1078 730 1263 781 denique
1281 731 1403 771 homo
1421 729 1585 770 litteris
1603 728 1784 770 Graecis
1803 729 2048 770 eruditissi-

347 814 443 843 mus
477 801 685 841 Albertus
718 800 898 851 Thumb,
940 798 1011 849 qui
1047 810 1157 839 anno
1192 798 1300 838 1909
1333 798 1653 848 Heidelbergae
1694 797 1851 838 librum
1884 797 2046 848 publici

351 869 458 911 iuris
491 868 617 909 fecit:
663 867 933 919 7,Η311111111011
972 868 1047 908 der
1079 866 1391 907 Griechischen
1423 865 1667 906 Dialekte.“
1733 865 1863 906 Cuius
1905 865 2047 916 operis

352 937 633 990 praecipuum
677 937 728 976 de
766 936 917 987 lingua
959 934 1128 976 Graeca
1168 934 1367 975 meritum
1409 934 1453 974 in
1486 945 1533 975 eo
1575 933 1745 984 nititur,
1787 934 1898 985 quod
1931 934 2046 975 clare

352 1019 402 1048 ac
436 1004 626 1046 dilucide
674 1003 872 1055 quamvis
910 1003 1107 1044 breviter
1151 1003 1202 1043 de
1244 1002 1439 1044 omnibus
1483 1002 1685 1043 dialectis
1719 1002 1867 1042 doctus
1901 1008 2050 1043 auctor

356 1073 576 1115 disseruit.

466 1142 555 1182 Nec
602 1144 748 1181 tamen
806 1138 1050 1191 defuerunt,
1098 1138 1170 1189 qui
1227 1138 1364 1189 ipsam
1415 1139 1645 1178 verborum
1698 1137 1784 1179 vim
1834 1142 1877 1179 et
1928 1150 2050 1178 usum

353 1211 577 1251 illustrare
611 1211 892 1258 conarentur3
925 1207 1034 1248 satis
1057 1207 1234 1248 Videtur
1265 1207 1445 1247 laudare
1475 1218 1556 1257 eos,
1589 1206 1661 1256 qui
1694 1206 1846 1247 titulos
1879 1206 1972 1247 sive
2006 1206 2049 1247 111

354 1276 678 1319 commentariis
722 1276 953 1316 ediderunt
994 1287 1151 1326 eosque
1184 1275 1299 1315 haud
1340 1286 1438 1314 raro
1482 1274 1728 1315 doctissime
1766 1274 2049 1325 interpretati

353 1350 455 1388 511111
506 1346 600 1386 sive
651 1344 981 1396 inscriptionum
1034 1355 1210 1394 corpora
1266 1342 1521 1383 emiserunt:
1584 1342 1787 1394 Syllogen
1840 1342 2051 1394 imprimis

353 1426 580 1455 memorem
629 1412 965 1463 Inscriptionum
1013 1412 1278 1453 Graecarum
1326 1410 1606 1461 Selectasque
1653 1410 1846 1451 Orientis
1894 1410 2049 1452 Graeci

355 1482 660 1533 inscripti‹J›11es
680 1480 884 1522 Guilelmi
908 1480 1234 1531 Dittenberger,
1266 1491 1372 1530 quas
1396 1479 1619 1519 habendas
1643 1490 1736 1519 esse
1760 1478 1803 1519 in
1824 1483 2052 1531 praestan-

354 1550 535 1591 tissimis
559 1550 807 1590 litterarum
831 1548 1110 1600 antiquarum
1134 1548 1525 1599 cognoscendarum
1549 1547 2052 1589 51111511111511116101111165

355 1625 459 1670 puto
492 1621 692 1659 constare
725 1617 852 1658 huius
887 1616 1145 1667 disciplinae
1178 1616 1405 1656 studiosos.
1603 1621 1611 1629 '

470 1687 530 1727 Ut
560 1698 663 1727 vero
696 1697 764 1726 res
796 1685 893 1736 ipsa
934 1685 1198 1736 postulabat,
1240 1684 1305 1724 illi
1338 1684 1462 1734 quasi
1504 1687 1839 1735 praetereuntes
1881 1688 2054 1726 tantum

354 1755 579 1797 occasione
612 1755 772 1805 oblata,
806 1765 888 1793 non
921 1756 1042 1793 certa
1073 1752 1139 1793 usi
1172 1752 1341 1793 ratione
1375 1753 1425 1792 de
1459 1752 1682 1794 vocabulis
1714 1752 1822 1804 ipsis
1859 1758 2054 1804 egerunt.

471 1823 505 1863 N
514 1834 561 1863 ec
592 1822 789 1862 omittam
821 1821 1051 1861 verborum
1083 1822 1322 1871 thesauros,
1362 1833 1464 1871 quos
1497 1820 1729 1861 ediderunt
1760 1820 2055 1871 Kumanudes,

357 1890 541 1942 Seni-les,
572 1890 852 1930 Herwerden.
899 1888 1014 1941 Quos
1041 1901 1194 1940 magno
1218 1889 1321 1929 mihi
1346 1888 1510 1929 auxilio
1532 1888 1668 1929 fuisse
1691 1888 1736 1929 in
1753 1889 1830 1929 hoc
1853 1890 2055 1940 opusculo

358 1959 645 2010 componendo
687 1961 813 2008 grato
859 1956 1001 1998 fateor
1047 1957 1200 1998 animo.
1261 1956 1343 1997 Sed
1386 1957 1492 1997 haec
1533 1969 1664 2008 opera
1703 1969 1781 1998 nec
1823 1957 1867 1997 in
1908 1956 2056 1998 Ionica

359 2027 544 2068 maxime
589 2026 775 2066 dialecto
807 2025 977 2066 versari
1010 2037 1087 2065 nec
1121 2025 1173 2065 de
1206 2036 1459 2076 unoquoque
1490 2026 1700 2066 vocabulo
1743 2025 1971 2076 disputare
2003 2037 2057 2066 ex

360 2095 467 2146 ipsis
499 2094 708 2134 librorum
740 2093 985 2134 nominibus
1018 2093 1165 2144 colligi
1198 2093 1312 2133 licet.

474 2162 617 2214 Quare
650 2161 694 2202 111
723 2161 912 2202 animum
944 2161 1096 2202 induxi
1128 2161 1370 2202 lonicorum
1393 2162 1634 2207 verborum,
1666 2173 1777 2212 quae
1810 2160 1982 2213 quidem
2013 2161 2057 2201 in

360 2231 503 2271 titulis
536 2230 697 2281 insunt,
730 2231 981 2270 thesaurum
1016 2241 1287 2281 componere:
1318 2229 1403 2270 fuit
1436 2229 1584 2281 igitur,
1616 2232 1663 2270 ut
1696 2229 1819 2271 brevi
1848 2229 1951 2280 quid
1974 2229 2057 2270 sibi

361 2299 471 2340 velit
505 2300 581 2340 hoc
613 2298 862 2349 opusculum
887 2298 1038 2340 dicam.
1071 2309 1174 2339 cura
1205 2309 1299 2338 mea
1331 2297 1466 2338 omnis
1490 2297 1534 2337 in
1562 2309 1609 2338 eo
1640 2297 1795 2349 posita,
1827 2302 1875 2338 ut
1897 2309 2060 2339 vocum.

363 2378 473 2418 quae
535 2366 577 2405 in
639 2365 858 2416 lapidibus
926 2365 1084 2406 lonicis
1151 2366 1368 2417 leguntur,
1429 2369 1704 2417 conspectum
1766 2377 2060 2416 componerem

364 2434 729 2485 compositumque
753 2434 816 2474 ita
847 2433 1118 2484 disponerem
1142 2437 1186 2474 61
1219 2433 1494 2484 explicarem,
1526 2438 1575 2474 ut
1608 2433 1832 2475 titulorum
1861 2436 1904 2474 et
1926 2433 2061 2475 verba

364 2502 504 2542 omnia
537 2502 772 2546 ets-,variae
816 2502 1031 2542 nominum
1075 2515 1123 2542 ac
1156 2502 1387 2543 verborum
1428 2501 1590 2543 formae
1633 2501 2060 2553 significationesque

365 2582 439 2610 suo
471 2571 561 2610 loco
595 2569 688 2609 sine
720 2570 809 2609 ulla
843 2569 1107 2610 difficultate
1140 2570 1328 2611 inveniri
1362 2572 1550 2621 possent.

479 2637 543 2678 Ne
567 2640 711 2677 tamen
727 2637 889 2677 'videar
912 2639 1061 2678 rudem
1083 2638 1222 2689 magis
1246 2638 1595 2690 indigestamque
1617 2639 1771 2678 molem
1793 2637 2062 2690 singularum

366 2705 719 2747 observationum
752 2705 1020 2756 congessisse
1054 2718 1181 2755 quam
1212 2710 1375 2747 certum
1408 2707 1621 2757 quendam
1653 2705 1780 2746 finem
1812 2708 2062 2755 certumque

367 2773 591 2814 consilium
624 2777 798 2813 secutus
822 2785 915 2813 esse
939 2773 982 2813 in
1017 2773 1290 2824 disputando.
1322 2787 1460 2825 pauca
1485 2775 1535 2814 de
1559 2786 1617 2825 eo.
1651 2774 1762 2824 quod
1784 2774 2061 2815 tractandum

367 2841 473 2882 mihi
505 2840 717 2891 proposui.
751 2841 933 2881 dicenda
967 2847 1079 2882 sunt.

481 2908 653 2948 lonicae
687 2908 865 2949 dialecti
906 2912 1079 2950 veteres
1123 2909 1398 2960 grammatici
1441 2910 1522 2950 duo
1565 2909 1859 2949 distinxerunt
1891 2919 2063 2959 genera,

368 2975 442 3030 τὴν
474 2974 654 3028 ἀρχαίαν
687 2976 780 3017 sive
812 2975 1001 3015 παλαιὰν
1032 2975 1163 3021 'Icida³
1207 2990 1291 3027 qua
1325 2977 1553 3028 scripsisse
1584 2978 1822 3017 traduntur
1851 2976 2063 3017 Homerus

370 3048 411 3084 et
464 3044 699 3086 Hesiodus.
763 3048 806 3084 et
857 3043 930 3097 τὴν
991 3042 1190 3097 δευτέραν
1242 3045 1334 3085 sive
1384 3046 1598 3097 νεωτέραν,
1659 3057 1785 3095 quan]
1845 3043 2063 3095 intellige-

374 3113 474 3152 bant
523 3124 627 3159 eam‚
676 3123 759 3161 qua
792 3123 935 3152 omnes
978 3116 1074 3162 post
1117 3112 1350 3153 Homerum
1391 3113 1457 3153 usi
1505 3117 1604 3154 sunt
1653 3112 1886 3163 scriptores
1918 3111 2065 3152 Ionici.

373 3180 655 3220 plurimorum
713 3192 765 3220 ex
823 3180 884 3220 eis
937 3180 1046 3220 nihil
1098 3181 1189 3221 fere
1241 3180 1324 3221 nisi
1386 3181 1481 3232 ipsa
1542 3180 1713 3222 nomina
1774 3179 1970 3221 novimus
2021 3184 2063 3221 61
