2154 3491
792 984 1075 1028 Praefatio.

198 1093 250 1134 In
283 1093 375 1134 dies
406 1092 492 1134 iam
526 1092 578 1133 ab
611 1091 719 1133 viris
753 1091 888 1133 doctis
922 1092 1096 1143 aegrius
1127 1091 1231 1133 ferri
1264 1091 1449 1142 videtur,
1492 1093 1603 1142 quod
1637 1092 1775 1133 adhuc

81 1164 211 1204 deest
254 1161 431 1213 linguae
473 1160 668 1201 Graecae
710 1160 980 1212 Thesaurus,
1025 1160 1071 1200 in
1113 1172 1193 1210 quo
1237 1160 1288 1201 de
1330 1159 1525 1200 omnibus
1567 1160 1776 1202 sermonis

81 1229 243 1272 Graeci
262 1227 486 1270 vocabulis
505 1232 549 1270 et
567 1229 620 1268 ab
646 1227 962 1278 antiquissimis
985 1228 1252 1279 temporibus
1274 1227 1454 1268 usitatis
1473 1231 1516 1267 et
1533 1227 1774 1269 recentiore

80 1302 234 1340 aetate
257 1297 363 1339 ortis
388 1296 633 1338 accuratius
664 1296 924 1348 inquiratur,
957 1297 1008 1337 de
1032 1308 1116 1346 qua
1149 1297 1346 1347 quodque
1369 1295 1505 1347 stirpe
1529 1297 1775 1337 derivatum

85 1366 155 1419 sit,
196 1378 305 1416 quae
329 1366 520 1417 propria
563 1364 770 1415 cuiusque
813 1363 948 1405 fuerit
989 1364 1117 1415 notio,
1160 1365 1365 1415 quomodo
1407 1365 1479 1405 vel
1518 1369 1672 1415 poetae
1704 1365 1775 1405 vel

85 1434 318 1485 scriptores
350 1433 563 1485 genuinas
590 1433 818 1475 verborum
852 1431 1193 1484 significationes
1226 1432 1598 1484 commutaverint,
1631 1436 1775 1473 utrum

84 1502 260 1554 propria
291 1501 336 1543 vi
369 1514 424 1542 an
456 1500 735 1557 translaticia
766 1499 1025 1551 posteriores
1057 1500 1124 1541 usi
1156 1499 1256 1552 sint,
1287 1512 1414 1551 quam
1448 1500 1520 1540 diu
1552 1500 1776 1551 viguerint

78 1569 258 1622 singula
290 1570 513 1621 vocabula,
554 1581 662 1620 quae
708 1568 901 1618 denique,
943 1572 992 1609 ut
1025 1580 1105 1609 nno
1143 1569 1404 1619 complectar
1435 1568 1578 1619 verbo,
1610 1567 1774 1609 fuerint

77 1650 229 1679 eorum
261 1637 365 1679 fata.

195 1706 290 1747 Hac
323 1717 376 1746 ex
399 1708 526 1756 parte
548 1705 725 1757 linguae
748 1704 936 1745 Latinae
959 1703 1166 1745 studiosis
1188 1703 1281 1744 iure
1304 1702 1484 1755 invidet,
1518 1703 1591 1754 qui
1612 1703 1774 1745 litteris

83 1774 260 1815 Graecis
302 1773 531 1814 incumbit:
582 1785 680 1813 nam
731 1772 774 1812 id
826 1772 996 1822 quidem
1044 1771 1159 1812 inter
1204 1783 1346 1812 omnes
1393 1771 1626 1812 convenire
1671 1776 1773 1822 puto

75 1842 269 1883 editores
302 1840 572 1883 doctissimos
605 1839 818 1881 Thesauri
850 1839 1026 1891 linguae
1049 1839 1248 1890 Latinae,
1281 1838 1354 1889 qui
1377 1851 1490 1879 nunc
1512 1839 1775 1880 auctoritate

83 1914 125 1951 et
158 1910 335 1951 consilio
370 1908 701 1950 Academiarum
734 1908 923 1958 quinque
956 1906 1310 1948 Germanicarum
1344 1907 1499 1959 editur,
1531 1911 1699 1947 tantam
1732 1908 1774 1948 in

74 1977 347 2020 vconficiendo
380 1978 457 2018 hoc
488 1988 615 2028 opere
647 1976 907 2017 industriam
940 1979 984 2016 et
1017 1975 1290 2026 diligentiam
1324 1975 1540 2026 adhibere,
1579 1977 1638 2026 ut,
1671 1975 1773 2026 quin

80 2045 181 2086 inde
223 2045 455 2086 maximum
495 2045 684 2086 fructum
727 2043 984 2085 Latinarum
1030 2043 1280 2084 litterarum
1322 2043 1469 2084 studia
1514 2048 1775 2094 perceptura

74 2113 169 2154 sint
201 2119 333 2164 atque
365 2113 451 2154 iam
483 2112 751 2164 percipiant,
794 2124 914 2153 nemo
960 2110 1019 2152 sit
1051 2111 1123 2162 qui
1157 2110 1342 2151 dubitet.
1403 2110 1523 2162 Quod
1556 2123 1660 2161 opus
1693 2123 1774 2162 quo

80 2182 219 2223 maius
239 2181 515 2233 ampliusque
532 2185 598 2222 est
621 2192 786 2232 quoque
817 2181 913 2231 plus
935 2179 1096 2221 laboris
1119 2178 1163 2220 in
1181 2178 1254 2219 illo
1273 2179 1564 2220 collocandum
1588 2178 1774 2231 videtur,

73 2262 127 2291 feo
159 2249 299 2301 magis
333 2249 588 2291 confidimus
631 2249 843 2290 neminem
886 2248 998 2299 fore,
1040 2247 1142 2300 quin
1182 2247 1353 2299 gratias
1394 2259 1521 2298 quam
1564 2247 1774 2287 maximas

78 2318 303 2359 habendas
346 2330 440 2359 esse
483 2316 744 2358 doctissimis
786 2316 876 2357 illis
918 2315 1024 2357 viris
1070 2315 1264 2366 ipsisque
1298 2315 1544 2356 Academiis
1587 2318 1774 2356 censeat.

81 2384 245 2438 Quanti
277 2385 388 2427 enim
430 2385 594 2426 laboris
635 2385 693 2426 sit
735 2385 968 2436 scriptores
1010 2383 1145 2424 omnis
1174 2381 1347 2435 generis
1379 2394 1607 2433 eorumque
1640 2382 1772 2423 inter-

78 2458 225 2505 pretes
266 2454 492 2505 inspicere,
539 2465 670 2495 novos
711 2453 890 2504 linguae
930 2452 1071 2493 sontes
1117 2450 1376 2495 examinare,
1417 2451 1685 2501 sing-ulmum
1729 2454 1770 2490 et

78 2522 264 2562 locorum
283 2526 325 2562 et
343 2522 571 2562 verborum
589 2520 675 2562 vim
699 2533 750 2562 ac
772 2520 987 2561 notionem
1010 2519 1210 2571 scrutari,
1233 2518 1377 2569 copias
1398 2532 1420 2558 a
1438 2522 1504 2559 tot
1527 2517 1770 2559 hominibus

80 2589 217 2630 doctis
260 2594 488 2641 congestas
538 2588 787 2641 disponere,
834 2588 1101 2640 singulorum
1147 2587 1332 2645 locorum
1378 2587 1769 2635 vocabulorum(.1ue

78 2669 189 2708 quae
213 2657 345 2698 dubia
366 2661 498 2707 atque
528 2657 740 2708 ambigua,
773 2668 884 2706 quae
907 2659 1027 2696 certa
1051 2660 1182 2705 atque
1206 2654 1395 2695 dilucida
1419 2654 1505 2694 sint
1531 2653 1769 2704 seiungere,

79 2725 252 2777 quanti,
293 2725 479 2777 inquam,
519 2724 578 2766 sit
608 2725 782 2769 laboris,
828 2728 945 2764 recte
979 2722 1295 2765 aestimaverit.
1328 2721 1401 2772 qui
1433 2721 1767 2772 perlustraverit

78 2806 207 2834 unum
242 2794 480 2834 alterumve
512 2792 665 2833 Latini
698 2791 914 2833 Thesauri
945 2790 1211 2832 fasciculum.

191 2863 251 2902 At
298 2864 458 2915 quanto
506 2860 727 2901 difficilius
771 2872 839 2901 res
881 2872 925 2901 se
972 2860 1103 2900 habet
1150 2859 1192 2899 in
1239 2858 1500 2900 conficiendo
1548 2857 1767 2898 Thesauro

79 2928 255 2981 Graeco.
293 2928 366 2979 qui
397 2929 645 2970 universam
677 2932 873 2970 veterum
906 2928 1165 2969 Graecorum
1198 2927 1388 2977 linguam
1427 2938 1552 2976 quam
1586 2924 1766 2975 diligen-

78 2995 245 3038 tissime
278 2997 541 3048 explicatam
584 2996 826 3037 contiueat!
867 2996 989 3037 Duas
1030 3007 1099 3036 res
1142 2995 1185 3035 in
1227 2995 1302 3047 iis,
1345 3006 1454 3043 ‹i1uae
1498 2994 1550 3033 ad
1592 2993 1766 3033 litteras

70 3063 268 3106 vGraecas
314 3063 548 3117 pertinent,
594 3064 769 3122 statuit·
805 3062 1077 3105 Godofredus
1124 3063 1398 3103 Hermannus
1446 3060 1676 3111 (Opuscula
1724 3059 1766 3099 Π

74 3144 115 3182 p.
147 3133 245 3185 218)
276 3133 402 3187 longe
435 3144 529 3174 esse
573 3132 863 3183 difficillimas,
909 3131 1076 3172 lexicon
1119 3130 1308 3171 scribere
1342 3132 1385 3169 et
1426 3127 1764 3180 grannnaticam.

77 3199 137 3240 Et
169 3200 336 3241 lexicon
369 3201 539 3250 quidem
572 3212 833 3251 componere,
865 3199 908 3240 id
947 3200 1057 3250 quod
1090 3210 1164 3239 nos
1197 3197 1367 3247 quidem
1400 3196 1468 3236 hic
1502 3195 1763 3246 propositum

1543 3262 1557 3293 1

145 3277 280 3311 Favre,
305 3278 471 3312 specimen
491 3277 634 3305 thesauri
654 3279 820 3305 verborum
840 3279 900 3304 etc.
