2154 3491
813 145 1066 185 —9—

96 257 470 300 wissenschaften
504 257 623 298 1909.
674 256 906 298 Phil-hist.
940 256 1123 298 Classe.“
1177 257 1339 307 Recepi
1361 258 1432 298 Nr.
1457 259 1605 304 1-11,
1626 259 1692 309 22,
1719 259 1786 311 25,

95 327 167 378 qui
198 326 456 366 laudantur:
491 325 590 366 Wil.
622 324 827 377 Erythris
860 336 936 365 seu
969 324 1062 364 Chii
1096 337 1172 365 seu
1203 325 1371 365 Halone
1405 325 1439 365 1.
1469 326 1505 365 2.
1538 329 1616 367 etc.

208 393 307 433 XII.
340 392 570 444 „Latysclr
593 391 771 433 01111664ί
796 392 1003 432 laudatur
1027 391 1245 432 Articonis
1268 392 1465 443 epistola,
1499 404 1624 442 quam
1649 393 1786 434 edidit

94 461 366 513 LatyscheW‚
388 460 498 501 Bull.
517 460 568 500 de
586 459 629 500 la
648 459 924 500 Commission
944 459 1042 510 imp.
1062 460 1175 500 arch.
1198 459 1239 499 X
1259 460 1322 500 10.
1369 458 1420 501 cf.
1439 459 1589 500 Glotta
1609 461 1671 500 Ill
1693 462 1787 502 300.

208 527 377 569 Titulos
423 527 602 575 Ionicos,
646 527 691 568 in
740 526 895 577 quibus
941 529 1200 568 versaturus
1248 539 1350 578 sum,
1399 530 1558 578 aetate,
1609 528 1786 578 origine,

95 607 301 643 sermone,
333 596 472 646 rebus,
504 596 556 635 de
579 594 733 646 quibus
757 594 913 646 agitur,
945 594 1131 635 maxime
1154 594 1271 635 inter
1292 606 1337 635 se
1371 593 1543 635 differre
1575 595 1785 635 neminem

93 663 232 716 fallet,
264 662 337 714 qui
369 664 440 703 Vel
471 661 613 703 obiter
644 673 720 702 seu
742 661 955 702 Bechtelii
988 661 1145 702 librum
1176 661 1420 713 inspexerit
1443 674 1518 702 seu
1551 663 1787 713 quemlibet

96 743 252 784 eorum,
284 743 388 782 quos
420 731 542 771 modo
574 729 916 771 commemoravi.

210 798 624 850 Antiquissimarum
666 796 999 848 inscriptionum
1042 797 1196 838 classis
1239 798 1410 838 saeculo
1457 800 1643 838 exeunte
1687 802 1790 838 ante

97 866 168 908 Ch.
200 880 238 908 n.
270 866 357 907 VII
388 868 431 907 et
462 865 602 906 medio
634 865 810 906 circiter
839 865 1012 906 saeculo
1044 865 1082 904 V
1114 865 1238 916 quasi
1280 864 1478 905 terminis
1521 864 1787 906 circumscri-

96 935 226 976 bitur.
268 934 388 987 Quae
405 933 582 974 maximi
601 936 701 974 sunt
718 932 920 974 momenti
946 936 1036 973 tum
1055 932 1158 983 quia
1176 936 1278 973 ante
1296 933 1560 973 Herodotum
1581 938 1790 974 exaratae

96 1015 170 1043 nos
203 1003 368 1048 docent,
402 1001 557 1052 quibus
589 1001 768 1041 vocibus
800 1001 877 1041 illa
911 1000 1219 1051 antiquissima
1252 1003 1400 1041 aetate
1433 1001 1499 1041 usi
1533 1000 1621 1041 sint
1654 1001 1791 1049 lones,

96 1074 186 1112 tum
219 1070 322 1121 quia
364 1069 599 1110 dialectum
641 1080 816 1120 prorsus
849 1081 999 1120 puram
1032 1072 1075 1109 et
1118 1080 1311 1109 sermone
1354 1069 1562 1109 communi
1606 1069 1790 1109 nondum

95 1138 369 1189 inquinatam
415 1136 675 1188 minimeque
721 1136 932 1177 imbutam
978 1137 1203 1187 praebent.
1258 1136 1341 1177 Sed
1390 1136 1616 1177 titulorum
1664 1138 1790 1187 longe

95 1206 232 1247 maior
263 1218 365 1257 pars
408 1205 523 1246 inter
554 1205 820 1245 Herodotum
863 1204 1017 1251 (medio
1057 1204 1149 1245 fere
1182 1216 1293 1245 saec.
1324 1205 1378 1247 V)
1417 1208 1460 1245 et
1493 1205 1790 1245 Alexandrum

95 1286 240 1326 regem
273 1277 455 1315 exarata
488 1276 565 1314 est.
625 1271 793 1313 Sensim
826 1272 899 1313 illo
932 1272 1137 1323 temporis
1170 1271 1312 1323 spatio
1335 1272 1484 1313 Ionum
1518 1272 1724 1312 sermonis
1748 1275 1793 1312 et

97 1344 326 1383 verborum
355 1341 517 1382 formae
545 1345 589 1381 et
611 1349 743 1382 voces
761 1340 882 1391 ipsae
906 1341 959 1380 ad
984 1340 1160 1381 Atticae
1184 1341 1363 1381 dialecti
1397 1341 1639 1391 exemplum
1663 1339 1792 1380 fictae

98 1415 212 1461 sunt,
250 1409 435 1450 maxime
468 1409 640 1449 saeculo
671 1408 732 1448 IV
765 1412 965 1449 exeunte.

212 1477 418 1519 Nonnulli
458 1476 628 1528 lapides
660 1501 712 1504 —
755 1477 809 1517 ab
849 1476 1091 1517 Alexandri
1133 1477 1283 1528 Magni
1325 1480 1518 1527 tempore
1558 1488 1694 1526 usque
1738 1476 1791 1516 ad

99 1547 331 1587 secundum
378 1548 474 1596 post
521 1544 592 1585 Ch.
638 1557 677 1585 n.
729 1545 947 1585 saeculum
990 1569 1042 1574 -
1094 1545 1179 1585 iam
1231 1557 1312 1585 non
1364 1545 1503 1595 ipsum
1556 1555 1793 1585 sermonem

98 1613 330 1665 perhibent
361 1612 566 1663 Ionicum,
598 1613 673 1653 sed
705 1612 898 1663 vestigia
930 1613 1141 1664 quaedam
1176 1613 1354 1653 dialecti
1387 1612 1572 1653 Ionicae.

212 1681 454 1722 Titulorum
504 1682 608 1732 loca,
660 1680 814 1731 quibus
866 1681 1029 1732 reperti
1082 1684 1194 1732 sunt,
1245 1681 1281 1722 si
1332 1681 1609 1731 respicimus.
1666 1679 1796 1720 facile

100 1749 392 1801 cognoscimus
415 1761 493 1800 per
513 1748 762 1790 universum
786 1749 928 1789 orbem
963 1748 1189 1800 antiquum
1223 1749 1423 1790 diffusum
1446 1748 1581 1789 fuisse
1604 1747 1795 1788 lonicum

100 1829 347 1865 sermonem,
365 1818 477 1869 quod
490 1820 634 1857 tamen
654 1829 736 1857 non
755 1817 909 1858 mirum
922 1817 1110 1868 videtur,
1129 1817 1330 1868 quoniam
1344 1817 1468 1857 Iones
1488 1817 1530 1856 in
1551 1815 1795 1857 diversissi-

99 1886 178 1926 mis
201 1885 315 1926 orbis
348 1889 564 1926 terrarum
596 1885 794 1936 regiones
828 1886 1045 1926 duxerant
1082 1885 1292 1926 colonias!
1325 1884 1417 1937 Quo
1440 1884 1490 1925 fit
1511 1888 1561 1925 ut
1594 1885 1674 1925 hac
1705 1883 1797 1924 fere

99 1954 268 1995 ratione
303 1953 470 2004 disponi
506 1954 645 1994 soleat
676 1953 826 1993 Ionum
858 1953 1010 2004 lingua
1041 1977 1096 1981 —
1129 1965 1239 2004 quae
1275 1953 1432 1994 divisio
1464 1952 1595 1993 certis
1629 1962 1797 2002 quoque

101 2022 237 2073 ipsius
270 2021 479 2062 sermonis
512 2021 835 2062 discriminibus
869 2022 1214 2063 commendatur:

1138 2101 1277 2153 Hyria

1091 2200 1093 2202 -
1140 2169 1296 2209 Cumae

1097 2207 1106 2296 Ι
1137 2237 1333 2288 Rhegion

486 2305 522 2345 2.
554 2305 598 2345 in
614 2304 812 2345 Oriente:
832 2304 1010 2357 Aeneia,
1024 2305 1306 2357 Amphipolis,
1321 2304 1561 2356 Apollonia,
1575 2303 1799 2356 Olynthos.

192 2386 227 2425 A
615 2373 792 2413 Terone.

107 2453 295 2494 Euboea·
367 2440 423 2482 Π.
455 2440 631 2481 Eretria
666 2444 707 2481 et
742 2441 945 2488 coloniae,
978 2441 1146 2491 Mende,
1179 2440 1351 2492 Oropos.

343 2508 424 2549 ΠΙ.
456 2507 827 2549 Histiaea-Oreos.
851 2501 855 2505 ⁴

350 2577 423 2617 IV.
456 2576 673 2629 Carystos.

372 2644 422 2684 V.
458 2644 627 2684 Cumae.

350 2713 422 2753 VI.
455 2711 597 2765 Styra.

386 2135 417 2176 Ι.
450 2134 622 2175 Chalcis
656 2138 698 2175 et
733 2134 824 2175 eius
858 2135 1050 2175 coloniae

488 2204 522 2244 1.
555 2203 598 2243 111
631 2201 887 2243 Occidente:

1361 2137 1596 2196 [Neapolis

1361 2207 1369 2260 Ι
1390 2214 1560 2254 Zancle.

221 2837 302 2877 Pro
353 2837 588 2888 praecipua
638 2837 765 2878 huius
819 2835 996 2876 dialecti
1048 2840 1149 2875 nota
1204 2834 1539 2885 „rhotacismus“
1596 2835 1802 2883 habetur-3

109 2905 275 2946 accedit
309 2919 358 2944 ττ
389 2918 464 2956 pro
496 2917 547 2944 σσ
576 2905 763 2956 positum
796 2902 1097 2958 (πρηττόντων)
1132 2904 1183 2943 cf.
1213 2903 1395 2943 Bechtel
1428 2915 1466 2953 p.
1492 2903 1595 2943 531:
1625 2900 1803 2952 βύλομαι

107 2985 182 3024 pro
213 2971 419 3025 βούλομαι
453 2974 650 3020 (Bechtel
682 2986 721 3024 p.
752 2973 872 3023 533);
905 2972 948 3012 in
981 2972 1064 3012 fine
1096 2972 1401 3013 vocabulorum
1435 2984 1505 3016 -οι,
1538 2983 1594 3008 -ει
1624 2981 1699 3020 pro
1722 2983 1803 3015 -ωι,

108 3055 169 3094 -ηι
220 3040 417 3087 (Bechtel
468 3054 506 3092 p.
556 3041 692 3095 496st
754 3039 874 3093 5037›;
935 3053 1018 3086 -οις
1078 3052 1152 3090 pro
1204 3051 1308 3078 -οισι
1368 3038 1535 3088 (excipe
1586 3035 1803 3089 &misimur

109 3120 145 3149 n.
168 3109 277 3149 5285
303 3110 364 3161 34)
396 3109 577 3150 Bechtel
609 3122 647 3160 p.
670 3110 764 3149 492.
813 3108 961 3162 Τοίἷτῃ,
994 3113 1145 3147 τοῦτον
1173 3107 1332 3151 (femin.
1366 3110 1406 3147 et
1432 3109 1570 3146 neutr.
1595 3104 1801 3145 adiectivi

108 3169 228 3223 οὗτος
269 3176 465 3222 (Bechtel
507 3177 589 3217 493
634 3181 675 3217 et
719 3177 839 3226 533st
886 3171 947 3214 εἶν
987 3187 1062 3226 pro
1106 3171 1214 3214 εἶναι
1255 3175 1451 3219 (Bechtel
1490 3186 1527 3224 p.
1560 3174 1651 3214 50:13.
1693 3171 1803 3213 5331.
