2154 3491
838 146 1109 186 -425-

181 285 268 323 μιν,
289 268 384 309 τότε
404 283 430 308 κ
446 283 471 308 α
488 282 508 307 τ
524 284 549 308 α
568 283 629 320 χρ
648 271 675 320 ῆ
691 280 716 307 σ
731 266 762 306 θ
778 281 846 308 αι.
897 264 947 307 cf.
968 263 1095 304 etiam
1114 263 1181 304 ΠΙ
1199 263 1279 314 838.
1314 262 1374 303 VI
1391 262 1471 313 652.
1506 261 1720 312 V1115415
1739 264 1815 303 ete.

185 331 513 374 Kiihner-Gerth
539 331 582 371 ΙΙ
605 331 684 371 504
702 343 721 370 e
747 342 842 370 cum
867 329 914 372 A.
941 329 977 371 3.

237 461 328 501 Iam
356 459 469 513 quod
495 458 615 499 initio
644 457 767 498 huius
794 456 921 498 libelli
950 456 1050 496 mihi
1078 467 1377 509 proposueram
1407 453 1632 494 absolvisse
1660 453 1816 495 videor.

131 525 292 574 Restat,
322 528 369 564 ut
397 536 457 572 ea,
487 535 593 576 quae
621 522 671 562 de
699 521 819 575 copia
845 521 1068 561 verborum
1096 520 1139 560 in
1166 519 1300 560 titulis
1328 523 1589 572 repertorum
1616 517 1657 557 in
1686 517 1820 571 specie

128 589 243 630 dicta
270 592 382 637 sunt,
413 587 556 641 paucis
583 586 668 627 iam
697 585 963 638 complectar.

234 652 451 694 Vocabula
479 664 584 705 quae
612 650 655 690 in
682 649 817 690 titulis
846 648 998 689 nostris
1026 647 1183 697 insunt,
1214 647 1246 687 si
1275 646 1509 687 accuratius
1539 646 1818 699 perpenderis,

126 717 247 758 facile
279 715 479 769 distingui
510 728 629 769 posse
661 726 884 767 cognoscas
915 713 957 753 in
988 713 1108 766 plura
1139 724 1306 765 genera:
1341 724 1519 764 quorum
1551 710 1733 763 primum
1765 710 1821 749 eis

127 781 380 831 continetur,
422 792 527 833 quae
557 779 668 820 omni
698 792 747 818 ex
776 782 895 831 parte
924 790 1034 817 nova
1062 780 1159 817 sunt
1186 788 1321 829 neque
1349 775 1433 816 ullo
1463 775 1600 815 adhuc
1628 774 1818 827 exemplo

127 846 307 899 probata
345 845 471 898 (quae
512 847 710 897 congesta
750 842 877 883 habes
913 841 1155 895 Appendice
1186 840 1236 889 Ι),
1280 840 1458 880 alterum
1500 852 1656 888 eorum,
1700 851 1819 892 quae,

126 910 221 951 licet
246 922 317 963 per
342 922 382 949 se
405 909 497 962 ipsa
519 908 603 948 iam
627 912 730 948 nota
751 906 908 947 fuerint
932 906 1184 959 scriptorum
1206 903 1471 953 testimoniis,
1498 916 1654 943 novam
1678 907 1821 943 tamen

127 978 168 1015 et
205 973 454 1014 inusitatam
491 973 558 1013 vel
596 971 945 1025 significationem
984 970 1049 1010 vel
1088 974 1197 1010 certe
1237 973 1493 1009 structuram
1531 968 1573 1008 in
1612 967 1822 1021 lapidibus

128 1038 278 1079 Ionicis
315 1037 514 1078 exhibent
548 1035 792 1091 (Appendix
829 1035 902 1089 ΙΙ),
939 1034 1112 1075 tertium
1149 1033 1327 1087 denique
1363 1046 1506 1073 eorum
1542 1045 1648 1085 quae
1685 1032 1823 1072 adhuc

126 1102 240 1156 apud
268 1102 373 1143 solos
402 1101 641 1155 posterioris
670 1100 822 1141 aetatis
851 1099 1166 1152 lexicographos
1196 1102 1421 1138 occurrunt
1449 1096 1692 1150 (Appendix
1722 1096 1819 1148 III).

133 1167 244 1216 Quas
272 1171 355 1207 tres
383 1166 607 1206 verborum
636 1165 784 1205 classes
814 1163 952 1217 magni
981 1162 1183 1204 momenti
1213 1167 1299 1203 esse
1328 1162 1381 1202 ad
1410 1162 1560 1202 Ionum
1589 1173 1822 1201 sermonem

126 1231 337 1272 acuratius
373 1223 610 1284 rectiusque
647 1228 993 1283 cognoscendum,
1033 1227 1123 1281 quis
1161 1232 1223 1267 est
1260 1226 1330 1280 qui
1367 1226 1556 1266 nesciat-[²
1595 1226 1687 1265 Iam
1724 1238 1822 1265 vero

127 1295 312 1337 maxima
337 1308 489 1336 vocum
515 1307 610 1348 pars
638 1298 678 1334 et
706 1293 823 1335 Hdto
851 1297 892 1333 et
918 1292 1129 1346 lapidibus
1157 1291 1389 1332 communis
1417 1295 1491 1333 est.
1537 1292 1639 1331 (stum
1668 1289 1717 1329 de
1746 1302 1823 1329 usu

126 1359 516 1414 significationeque
542 1359 691 1399 horum
716 1358 1019 1398 vocabulorum
1045 1357 1121 1397 sub
1148 1368 1402 1409 unaquaque
1427 1368 1529 1395 voce
1556 1353 1656 1394 satis
1684 1353 1822 1407 dispu-

125 1424 318 1474 taverim,
346 1437 457 1464 nunc
483 1436 553 1464 eae
580 1423 681 1463 mihi
707 1422 911 1476 imprimis
938 1421 1149 1462 notandae
1176 1425 1274 1461 sunt
1299 1433 1422 1460 voces
1449 1424 1489 1459 et
1515 1419 1687 1468 formae,
1717 1431 1823 1471 quae

126 1494 246 1530 extra
261 1488 420 1543 lapides
438 1492 601 1529 nostros
618 1488 660 1528 in
678 1488 763 1528 solo
782 1500 902 1540 opere
923 1486 1162 1527 Herodoteo
1180 1484 1452 1525 inveniuntur
1469 1483 1713 1537 (Appendix
1732 1483 1819 1533 IV).

126 1555 349 1595 Praeterea
390 1566 473 1593 non
516 1552 639 1593 modo
683 1552 903 1605 scriptores
947 1550 1113 1591 dialecti
1158 1549 1336 1599 Ionicae,
1381 1548 1585 1602 imprimis
1630 1547 1822 1600 Hdtusl),

126 1619 281 1659 multas
306 1618 464 1658 habent
490 1630 624 1666 voces,
654 1630 759 1670 quae
784 1615 976 1669 propriae
1002 1628 1087 1655 esse
1113 1614 1311 1655 videntur
1336 1618 1570 1667 poetarum,
1599 1612 1670 1652 sed
1696 1612 1824 1652 etiam

125 1683 166 1723 in
201 1683 353 1723 Ionum
383 1682 594 1735 lapidibus
628 1685 851 1722 occurrunt
884 1680 998 1720 haud
1030 1692 1166 1733 pauca
1197 1678 1350 1733 poetici
1384 1677 1584 1718 sermonis
1616 1676 1826 1717 vocabula

125 1747 369 1801 (Appendix
398 1747 488 1795 VI).

236 1812 349 1852 Haec
376 1811 516 1852 omnia
541 1810 594 1851 ad
618 1810 756 1864 ipsum
783 1809 973 1850 Ionicum
999 1821 1231 1849 sermonem
1258 1811 1464 1861 spectant.
1512 1806 1592 1847 Sed
1618 1805 1746 1846 etiam
1772 1805 1825 1845 ad

126 1881 284 1917 ceteras
310 1876 510 1917 dialectos
534 1874 850 1928 investigandas
876 1874 953 1914 hac
979 1872 1270 1927 disquisitione
1297 1871 1456 1925 aliquid
1481 1870 1706 1911 contulisse
1724 1869 1824 1909 mihi

126 1941 281 1984 videor.
325 1941 560 1982 ({)ccurrunt
586 1940 695 1980 enim
719 1939 761 1979 in
787 1938 1071 1992 compluribus
1096 1937 1306 1991 lapidibus
1332 1936 1552 1985 vocabula,
1581 1948 1686 1988 quae
1713 1934 1825 1988 apud

127 2006 349 2059 scriptores
374 2005 558 2045 eiusdem
582 2004 733 2044 aetatis
767 2003 955 2044 nondum
987 2003 1196 2055 leguntur,
1234 2001 1306 2042 sed
1327 2002 1523 2054 leguntur
1548 1999 1660 2053 apud
1683 2012 1823 2039 recen-

125 2070 264 2119 tiores,
290 2083 392 2123 quos
416 2069 506 2110 dico
529 2082 610 2118 eos,
636 2068 705 2122 qui
725 2068 895 2109 fuerunt
918 2081 942 2108 a
961 2067 1096 2107 medio
1120 2080 1154 2108 a.
1175 2066 1244 2109 Ch.
1270 2079 1308 2109 11,
1331 2066 1494 2106 saeculo
1519 2069 1670 2118 quarto
1693 2077 1825 2117 usque

126 2135 180 2175 ad
197 2134 371 2175 tertium
390 2139 484 2188 post
505 2133 716 2174 Christum
735 2138 896 2175 natum.
939 2132 1051 2180 Quas
1071 2144 1205 2180 voces,
1227 2144 1323 2171 cum
1342 2129 1494 2171 summi
1514 2142 1599 2170 csse
1620 2128 1823 2168 momenti

127 2199 351 2240 videantur
379 2199 432 2239 ad
460 2198 791 2252 cognoscendam
824 2197 1005 2238 Graecae
1032 2196 1197 2249 linguae
1226 2195 1447 2235 historiam
1475 2194 1552 2235 sub
1582 2192 1826 2247 Appendice

124 2266 205 2315 (est
234 2268 376 2304 autem
403 2263 455 2315 V)
484 2263 677 2304 collectas
705 2261 915 2316 proposui.
962 2261 1026 2301 Ex
1048 2260 1110 2301 his
1134 2260 1270 2301 nescio
1300 2273 1352 2300 an
1373 2263 1484 2299 recte
1509 2258 1728 2311 colligatur
1757 2270 1826 2298 eos

126 2328 360 2382 scriptores,
386 2328 456 2382 qui
480 2341 528 2368 ea
548 2327 702 2381 lingua,
728 2340 835 2380 quae
858 2339 969 2366 nunc
992 2325 1224 2366 communis
1248 2338 1319 2365 seu
1344 2323 1468 2377 κοινή
1493 2336 1517 2363 a
1538 2321 1826 2376 grammaticis

126 2393 266 2433 vocari
287 2393 404 2442 solet,
429 2392 671 2441 utebantur,
695 2391 808 2432 haud
829 2404 964 2444 pauca
984 2390 1191 2431 vocabula
1210 2389 1396 2430 hausisse
1418 2402 1437 2429 e
1459 2400 1646 2428 sermone
1669 2387 1823 2429 lonico.

128 2458 243 2498 Haec
274 2457 514 2497 lonicorum
542 2456 765 2497 verborum
794 2455 1000 2496 admixtio
1030 2468 1113 2508 qua
1141 2454 1210 2494 via
1238 2467 1284 2494 ac
1312 2453 1475 2494 ratione
1504 2453 1620 2493 facta
1647 2451 1712 2501 sit,
1744 2464 1826 2491 non

127 2521 301 2563 difficile
328 2526 389 2562 est
413 2521 642 2564 intellectu.
686 2520 854 2561 Etenim
880 2532 1139 2574 quamquam
1165 2519 1288 2571 κοινή
1314 2531 1420 2572 quae
1446 2517 1599 2557 dicitur
1624 2516 1827 2556 dialectus

127 2586 332 2639 originem
364 2585 484 2626 duxit
516 2585 736 2639 praecipue
769 2585 820 2625 ab
853 2584 1040 2625 oratione
1072 2583 1324 2632 Atticorum,
1358 2582 1460 2622 haec
1491 2586 1530 2622 et
1562 2581 1653 2634 ipsa
1682 2585 1826 2621 tamen

228 2693 255 2735 ¹)
280 2691 367 2725 Cum
391 2701 473 2724 vero
497 2693 623 2724 notum
647 2691 693 2724 sit
715 2690 830 2734 ipsum
856 2689 1079 2723 Herodotum
1103 2688 1262 2733 poeticae
1287 2687 1456 2721 orationis
1479 2686 1733 2720 vocabulorum
1758 2696 1828 2718 non

127 2744 232 2778 modo
247 2755 434 2777 numerum
449 2743 625 2787 excepisse
642 2743 737 2776 haud
755 2743 934 2787 exiguum,
953 2742 1012 2775 sed
1030 2742 1082 2775 ita
1099 2741 1288 2785 excepisse,
1304 2743 1345 2774 ut
1361 2751 1444 2774 suae
1463 2740 1613 2773 dialecto
1632 2750 1672 2772 ea
1687 2749 1828 2782 prorsus

126 2798 352 2837 immisceret,
366 2807 436 2830 non
450 2796 651 2830 mirandum
664 2796 818 2836 videtur,
831 2795 927 2839 quod
939 2806 999 2828 eae
1013 2805 1153 2839 quoque
1167 2794 1305 2838 quaein
1317 2793 1432 2827 titulis
1447 2793 1573 2826 Ionicis
1585 2792 1828 2829 inveniuntur,

127 2861 230 2884 voces
252 2850 412 2894 poeticae
436 2860 456 2882 a
479 2849 602 2883 ceteris
625 2849 737 2882 firmis
761 2848 974 2892 quibusdam
999 2852 1034 2881 et
1057 2847 1214 2881 definitis
1238 2846 1397 2880 terminis
1419 2846 1481 2879 vix
1503 2845 1657 2889 separari
1680 2844 1826 2888 possint,

128 2904 245 2947 Atque
271 2906 310 2936 ut
335 2913 406 2936 non
431 2902 551 2935 onmia
575 2902 648 2936 eius
673 2902 808 2946 generis
832 2901 1008 2935 vocabula
1035 2900 1155 2933 Hdtea
1179 2910 1220 2933 ea
1244 2899 1381 2932 ratione
1407 2898 1589 2942 explanari
1613 2897 1695 2930 licet
1720 2900 1759 2929 ut
1785 2907 1828 2929 ex

129 2956 275 2990 Homeri
299 2955 514 2989 carminibus
538 2955 651 2988 aliove
676 2958 770 2988 certo
795 2954 894 2987 fonte
918 2954 963 2987 ab
988 2953 1170 2987 Herodoto
1195 2952 1407 2996 deprompta
1430 2962 1503 2985 esse
1527 2950 1827 2988 demonstrentur,

126 3010 178 3043 ita
194 3010 231 3042 in
248 3008 540 3053 inscriptionibus
559 3018 699 3051 quoque
718 3007 847 3041 nostris
867 3006 988 3040 crebra
1004 3006 1128 3039 insunt
1146 3004 1319 3039 eiusmodi
1336 3004 1523 3043 vocabula,
1543 3014 1644 3047 quae,
1664 3002 1828 3046 quamvis

128 3062 314 3096 manifeste
336 3061 512 3106 poeticam
533 3060 684 3105 speciem
706 3071 789 3104 prae
806 3070 840 3093 se
862 3059 991 3099 ferant,
1013 3062 1134 3092 tamen
1154 3069 1225 3091 non
1246 3060 1330 3091 sunt
1350 3057 1479 3091 hausta
1499 3067 1516 3089 e
1532 3056 1659 3100 poetis,
1676 3066 1827 3099 quorum

128 3115 271 3159 quidem
298 3114 469 3148 memoria
494 3113 539 3147 ad
564 3124 628 3147 nos
654 3113 866 3158 pervenerit.
