2154 3491
1072 160 1325 198 *5—

468 270 622 311 Omnia
653 271 866 311 vocabula
900 271 1121 320 amplexus
1154 281 1246 310 sum
1277 270 1549 320 omniumque
1581 271 1885 312 vocabulorum
1924 271 2048 312 testi·

323 389 326 394 ,
352 338 496 379 11101113
529 342 571 378 et
604 350 749 379 omnes
780 338 924 389 recepi
957 338 1128 389 formas,
1161 350 1267 387 quas
1301 341 1444 379 tamen
1468 338 1610 379 obiter
1641 340 1812 378 tantum
1844 339 2049 380 tractavi.

466 405 739 457 Singulorum
792 407 1018 447 verborum
1082 406 1279 456 exempla
1335 405 1572 456 diligenter
1622 406 1739 447 inter
1789 417 1833 446 se
1885 407 2045 448 contuli

353 474 690 523 uniuscuiusque
737 473 854 514 vocis
896 473 1044 514 varias
1091 472 1433 524 significationes
1481 473 1734 524 disiungens
1788 473 2047 515 disiunctas-

353 553 434 592 que
466 542 527 582 ita
560 541 776 585 ordinans.
809 546 856 582 ut
890 554 913 581 a
946 541 1137 592 genuina
1160 541 1202 581 vi
1232 539 1451 591 profectus
1481 542 1535 582 ad
1568 541 1817 582 remotiores
1849 542 2046 583 notiones

352 610 639 660 procederem.

467 677 555 717 Nec
576 677 882 718 vocabulorum
908 676 1284 720 constructionem.
1313 688 1441 726 quam
1465 675 1621 718 Graeci
1653 676 1848 726 σύνταξιν
1878 681 2048 730 vocant,

350 745 655 797 negligendam
673 744 849 795 putavi3
882 757 1015 795 quare
1039 745 1090 785 de
1112 746 1241 785 rebus
1261 745 1314 785 ad
1338 745 1448 785 hanc
1470 745 1784 796 grammaticae
1807 745 2047 787 doctrinam

352 812 653 864 spectantibus
695 813 765 853 vel
812 812 905 863 ipse
953 812 1176 863 disputavi
1225 813 1296 853 vel
1342 813 1537 865 saepius,
1585 813 1786 864 quoniam
1834 813 2046 855 brevitati

350 884 445 921 erat
477 881 796 931 consulendum,
832 880 1139 932 grammaticos
1172 883 1342 921 tantum
1374 881 1568 932 laudavi,
1610 881 1683 932 qui
1716 884 1867 922 nostra
1899 885 2047 922 aetate

350 960 423 989 eas
458 951 777 989 tractaverunt.

464 1017 709 1057 Prostremo
760 1016 1011 1067 graviorum
1059 1016 1230 1066 quidem
1278 1017 1506 1057 verborum
1552 1016 1778 1057 historiam
1826 1016 2047 1057 delineare

350 1088 529 1125 conatus
562 1097 665 1132 sum,
698 1086 746 1125 ut
778 1084 877 1125 inde
912 1086 963 1125 ab
987 1084 1308 1135 antiquioribus
1342 1084 1605 1135 temporibus
1640 1085 1693 1124 ad
1721 1096 1981 1136 papyrorum
2004 1089 2046 1125 et

349 1153 604 1203 scriptorum
624 1152 801 1194 dialecti
825 1152 999 1193 Ionicae
1018 1152 1272 1193 recentioris
1291 1155 1481 1193 aetatem
1505 1152 1661 1203 quibus
1679 1151 1785 1193 fatis
1804 1164 1883 1193 usa
1902 1156 2047 1193 essent

350 1232 627 1271 exponerem:
651 1219 702 1261 cf.
720 1233 831 1272 quae
850 1221 901 1261 de
920 1220 1142 1261 Thesauro
1156 1219 1322 1261 Grraeco
1341 1220 1603 1261 conficiendo
1621 1220 1781 1271 optime
1800 1219 2047 1271 disputavit

347 1288 590 1340 Leopoldus
610 1288 725 1329 Cohn
744 1288 789 1329 in
808 1289 925 1329 calce
948 1288 1089 1340 operis
1112 1288 1392 1340 Brugmanni‚
1417 1288 1586 1329 Grieeh.
1605 1286 1770 1329 Graln.3
1792 1300 1831 1339 p.
1854 1288 1936 1330 575
1959 1300 2048 1339 sqq.

351 1356 402 1398 cf.
444 1360 674 1408 praeterea
715 1356 955 1397 Hermanni
997 1355 1141 1407 Diels.
1182 1356 1469 1398 Elementum.
1530 1356 1640 1397 Eine
1678 1356 1910 1397 Vorarbeit
1955 1368 2049 1397 zum

350 1425 651 1477 griechischen
684 1425 770 1465 und
802 1424 1094 1466 lateinischen
1127 1425 1387 1465 Thesaurus.
1446 1423 1627 1475 Lipsiae
1661 1424 1781 1465 1899.

465 1492 530 1533 De
563 1493 741 1534 consilio
774 1493 1150 1534 commentationis
1193 1496 1368 1534 nostrae
1411 1505 1459 1533 ac
1502 1494 1554 1533 de
1596 1492 1846 1544 disputandi
1879 1492 2050 1534 ratione

349 1562 569 1602 hactenus.
645 1561 803 1602 Restat
849 1564 898 1602 ut
944 1562 995 1601 de
1042 1561 1149 1612 ipsis
1199 1560 1405 1612 fontibus,
1458 1572 1480 1601 e
1526 1560 1682 1611 quibus
1735 1560 2047 1612 disputationis

350 1629 579 1670 materiam
611 1629 847 1675 hausimus,
879 1641 1019 1680 pauca
1050 1629 1257 1670 dicamus.

464 1697 496 1738 Ι.
528 1697 677 1738 Ionum
712 1697 1019 1748 inscriptiones
1062 1700 1241 1748 propter
1282 1697 1516 1738 dialectum
1558 1696 1880 1749 memorabiles,
1927 1700 2049 1748 quot-

348 1768 452 1816 quot
484 1778 620 1817 usque
661 1767 713 1806 ad
748 1766 821 1806 IV.
854 1766 980 1807 huius
1023 1778 1133 1807 saec.
1168 1778 1325 1807 annum
1357 1766 1663 1816 innotuerunt.
1706 1765 1882 1817 collegit
1916 1769 2048 1816 atque

349 1833 594 1875 illustravit
618 1834 799 1875 Bechtel
827 1834 938 1875 libro
971 1834 1043 1885 qui
1067 1834 1343 1875 inscribitur:
1376 1833 1627 1885 Sammlung
1649 1834 1726 1874 der
1748 1833 2047 1885 griechischen

349 1901 842 1954 Dialekt-Inscln·iften‚
883 1903 1243 1954 herausgegeben
1284 1914 1368 1943 von
1400 1901 1473 1942 Dr.
1505 1901 1558 1942 H.
1591 1901 1747 1942 Collitz
1779 1902 1864 1942 und
1896 1900 1970 1942 Dr.
2001 1901 2048 1943 F.

348 1969 540 2021 Bechtel‚
571 1969 647 2010 Bd.
680 1970 758 2015 HI.
790 1970 826 2011 2.
858 1970 1022 2011 Halfte.
1084 1970 1192 2011 1905
1225 1969 1477 2021 Gottingen.

463 2037 545 2090 Qui
579 2041 848 2089 quantopere
871 2038 1054 2080 meritus
1076 2038 1135 2079 sit
1159 2039 1210 2079 de
1233 2038 1407 2079 Ionicae
1430 2037 1609 2079 dialecti
1643 2037 1948 2089 disquisitione
1971 2037 2046 2079 illo

348 2106 678 2157 inscriptionum
711 2118 883 2157 corpore
925 2106 1132 2159 confecto,
1174 2107 1274 2147 inde
1317 2109 1512 2158 apparet,
1550 2106 1660 2157 quod
1692 2105 1814 2146 tituli
1849 2106 1901 2146 ad
1935 2105 2046 2147 hanc

350 2174 583 2215 dialectum
617 2176 954 2226 cognoscendam
992 2175 1149 2227 idonei,
1191 2186 1284 2215 011111
1326 2178 1457 2215 antea
1491 2186 1568 2225 per
1597 2177 1661 2215 tot
1693 2174 1924 2214 multorum
1956 2186 2047 2215 cor-

348 2254 496 2293 porum
529 2243 935 2294 ephemeridumque
976 2246 1110 2285 tomos
1142 2243 1304 2284 fuerint
1339 2241 1523 2294 disiecti,
1564 2254 1677 2283 nunc
1710 2241 1753 2282 in
1785 2254 1915 2283 unum
1949 2253 2045 2283 con-

347 2311 463 2362 gesti
496 2310 702 2352 facillime
735 2312 868 2353 oculis
901 2312 1239 2362 perlustrantur.

462 2378 549 2420 Nee
582 2391 684 2420 vero
717 2379 760 2419 in
794 2392 840 2421 eo
883 2380 1115 2432 acquievit,
1161 2384 1210 2421 ut
1253 2380 1404 2421 titulos
1447 2381 1740 2430 coacervaret,
1782 2379 1857 2419 sed
1901 2378 2044 2430 etiam.

350 2460 461 2499 quae
494 2449 544 2488 de
578 2448 761 2499 singulis
785 2448 928 2489 titulis
962 2449 1129 2500 scripta
1150 2448 1415 2500 prodierunt,
1448 2447 1483 2488 si
1508 2459 1588 2487 non
1611 2447 1818 2488 universa
1849 2449 1895 2487 at
1928 2448 2044 2487 certe

347 2515 554 2567 graviora
578 2516 742 2556 attulit.
803 2516 976 2557 Adiecit
1011 2519 1271 2568 apparatum
1298 2516 1495 2557 criticum
1519 2515 1744 2556 admodum
1775 2514 2044 2567 locupletem,

349 2595 430 2634 quo
464 2583 741 2624 continentur
772 2584 925 2625 variae
956 2584 1166 2625 lectiones
1200 2596 1342 2625 eornm
1374 2585 1572 2635 locorum,
1614 2583 1790 2634 quibus,
1834 2594 2044 2632 quaenam

350 2651 541 2703 genuina
572 2652 709 2702 ipsius
740 2652 899 2703 lapidis
933 2652 990 2693 sit
1021 2652 1164 2705 lectio⁷
1195 2653 1383 2693 nondum
1412 2652 1591 2692 videtur
1625 2663 1719 2691 esse
1750 2651 2045 2698 enucleatum:

348 2722 578 2771 praeterea
620 2720 724 2760 locis
769 2719 1021 2761 difficilibus
1065 2732 1141 2761 nec
1175 2720 1284 2761 satis
1328 2719 1561 2771 explicatis
1593 2719 1783 2759 virorum
1825 2719 2043 2760 doctorum

348 2787 631 2839 coniecturas,
654 2800 761 2838 quas
781 2788 953 2838 quidem
971 2792 1209 2829 memoratu
1229 2788 1383 2839 dignas
1401 2787 1566 2839 habuit,
1588 2786 1785 2828 breviter
1803 2786 2043 2827 adnotavit.

349 2855 646 2906 Compluribus
679 2855 783 2896 loeis
826 2855 989 2906 scripta
1033 2856 1392 2907 commemoravit,
1435 2855 1591 2906 quibus
1625 2854 1797 2906 singula
1829 2855 2042 2895 vocabula

349 2926 608 2975 tractantur,
640 2925 708 2964 vel
735 2924 903 2964 addidit
930 2924 1245 2975 adnotationes
1270 2924 1425 2975 quibus
1449 2924 1678 2965 verborum
1701 2922 1837 2963 forma
1860 2924 1903 2962 et
1927 2921 2042 2962 notio

347 2992 509 3032 rectius
543 2991 799 3042 explicatur.

461 3060 517 3100 Π.
558 3059 687 3100 Sexto
720 3060 847 3112 liujus
892 3060 1054 3100 saeculi
1099 3072 1207 3100 311110
1245 3060 1405 3111 prodiit
1438 3059 1630 3100 Berolini
1664 3058 1779 3110 apud
1811 3057 2042 3109 Georgium

347 3127 593 3168 Reimerum
625 3128 952 3179 inscriptionum
982 3127 1281 3168 Prienensium
1304 3128 1552 3168 Thesaurus
1587 3140 1610 3168 a
1642 3125 1874 3167 Francisco
1900 3125 2043 3166 Hiller

348 3196 399 3236 de
439 3194 731 3247 Gaertringen
778 3195 1009 3247 consectus,
1057 3207 1137 3246 quo
1185 3196 1331 3236 eodem
1378 3195 1498 3236 tituli
1545 3194 1719 3245 quidam
1766 3193 2043 3234 continentur
